1955 2807
701 301 1031 333 EPISCOPORUM
1055 300 1186 331 VITAE.
1559 302 1598 329 33

290 412 404 450 trusis,
434 411 561 454 Aspice
591 410 718 455 (inquit
748 411 957 454 Stephanus)
988 411 1115 454 optime
1142 409 1218 442 Rex
1237 418 1246 447 ;
1278 419 1320 440 en
1347 407 1510 445 Thomas,
1541 418 1594 439 co-

290 484 382 516 mitis
400 483 540 516 Varvici
564 488 597 516 et
620 484 849 526 complurium
866 482 1034 515 nobilium
1052 481 1249 526 Anglorum
1268 480 1391 518 ruina3
1420 480 1593 512 intestinae

290 555 477 593 seditionis,
500 555 690 587 multorum
707 554 885 591 bellorum,
908 554 1146 595 malorumque
1169 564 1274 595 prope
1298 552 1511 584 infinitorum
1530 552 1593 584 hoc

291 633 351 660 tuo
364 627 400 659 in
415 637 521 670 regno
538 625 756 663 incendium;
775 625 835 667 qui
853 628 893 657 ut
903 623 1099 668 Anglorum
1111 624 1294 666 optimates
1313 628 1415 666 atque
1434 623 1555 665 plebeii
1574 634 1594 655 a

291 704 351 731 tua
373 697 438 730 fide
462 697 653 735 deficerent,
684 701 724 730 ut
750 696 894 739 imperio
915 695 1119 740 dejicereris,
1138 699 1308 738 quantum
1334 705 1395 737 per
1420 706 1498 727 eum
1523 695 1595 728 fieri

291 770 414 812 potuit,
438 779 573 812 semper
599 769 716 802 extitit
742 773 871 807 auctor,
897 778 994 800 meus
1013 771 1064 800 est
1090 767 1258 810 captivus,
1285 777 1348 809 pro
1365 777 1433 809 quo
1460 771 1511 799 tot
1537 768 1597 799 ali-

290 841 427 884 quando
452 851 635 874 aureorum
665 850 847 873 nummum
873 840 982 872 millia
1007 839 1232 882 spopondisti.
1285 838 1389 871 Sume
1421 849 1513 871 nune
1537 844 1597 871 tua

291 924 353 955 pro
370 912 510 945 libidine
533 913 574 944 de
597 912 735 944 homine
757 912 974 955 supplicium,
997 912 1056 954 qui
1081 915 1132 943 tot
1154 911 1370 955 incommoda
1387 911 1449 943 tibi
1468 916 1596 954 tuoque

292 984 371 1016 huic
388 995 494 1028 regno
512 988 590 1016 astu
607 984 764 1016 intulerit
782 988 816 1016 et
833 983 964 1021 fraude,
991 993 1052 1015 nec
1070 994 1124 1015 me
1143 982 1195 1023 (ut
1214 993 1353 1026 aequum
1375 987 1426 1015 est
1447 984 1596 1024 credere)

292 1056 459 1098 promissa
477 1056 640 1094 mercede,
657 1056 717 1098 qui
735 1055 898 1088 infestum
921 1055 1005 1087 adeo
1023 1054 1085 1087 tibi
1104 1054 1278 1086 hominem
1297 1059 1436 1097 captum
1454 1060 1487 1087 et
1506 1056 1600 1087 vinc-

292 1133 366 1159 tum
393 1127 606 1164 adduxerim,
632 1126 818 1159 fraudabis.
870 1126 988 1159 Habes
1017 1131 1050 1158 et
1078 1125 1239 1158 Albaniae
1267 1126 1388 1158 ducem
1412 1127 1598 1169 captivum,

292 1198 427 1241 regium
440 1198 701 1236 adolescentem,
717 1197 898 1231 Scotorum
916 1197 1117 1240 principem,
1135 1208 1238 1240 quem
1252 1198 1334 1230 dum
1348 1209 1451 1240 penes
1469 1203 1502 1230 te
1521 1199 1601 1231 reti-

292 1269 419 1307 nueriS,
430 1269 494 1302 hoc
505 1274 606 1302 tuum
620 1280 767 1314 regnum
782 1270 876 1302 omni
896 1269 1077 1302 Scotorum
1091 1269 1211 1302 bellico
1225 1270 1380 1302 tumultu
1397 1270 1601 1303 incursioni-

293 1341 424 1384 busque
442 1341 580 1374 levabis.
613 1341 744 1374 Idcirco
762 1352 843 1374 cave
859 1340 974 1381 (modo
989 1341 1051 1374 tibi
1066 1346 1194 1384 tuoque
1206 1352 1312 1385 regno
1324 1342 1452 1385 optime
1467 1344 1601 1375 consul-

293 1419 368 1446 tum
386 1414 549 1456 volueris)
575 1414 761 1456 aliquando
780 1413 872 1446 Scoti
896 1413 1054 1445 reducem
1072 1413 1165 1445 hunc
1183 1413 1323 1446 videant
1341 1413 1598 1446 adolescentem.

295 1484 490 1522 Eduardus,
509 1489 548 1517 ut
567 1489 640 1517 erat
656 1485 755 1517 vultu
770 1484 913 1523 liberali,
929 1485 1045 1517 animo
1058 1484 1095 1517 in
1109 1495 1226 1517 omnes
1240 1484 1432 1529 magnifico,
1446 1486 1598 1528 primum

295 1556 468 1599 Stephano
483 1555 525 1588 ob
537 1556 660 1588 merita
672 1556 802 1600 gratias
814 1555 929 1589 refert.
961 1556 1046 1588 Mox
1061 1555 1222 1588 Albaniae
1233 1556 1355 1589 ducem
1368 1557 1405 1589 in
1419 1558 1597 1600 amplexus

295 1632 470 1670 acceptum
488 1628 583 1671 regio
600 1627 729 1660 honore
750 1632 802 1660 est
823 1632 1033 1670 prosecutus.
1086 1627 1269 1667 Thomam,
1287 1633 1415 1671 praeter
1433 1628 1598 1672 Stephani

295 1704 327 1731 et
345 1700 404 1742 qui
424 1709 500 1731 cum
527 1710 566 1731 eo
590 1704 756 1732 venerant
779 1699 985 1742 opinionem,
1008 1699 1159 1732 humane
1184 1700 1343 1739 intuitus,
1371 1700 1438 1733 Hic
1457 1700 1598 1744 (inquit)

295 1770 477 1813 Stephane,
495 1771 602 1803 veluti
620 1771 809 1803 multorum
834 1771 937 1804 saluti
961 1771 1151 1811 insidiator,
1177 1772 1206 1805 si
1232 1783 1308 1815 quae
1330 1772 1491 1806 feruntur
1517 1783 1598 1806 vera

295 1846 416 1880 essent,
442 1842 618 1885 suppliciis
637 1842 689 1882 (ut
709 1843 773 1886 ais)
791 1842 880 1875 foret
897 1842 1103 1882 afficiendus,
1129 1844 1158 1876 si
1181 1854 1251 1876 non
1276 1854 1366 1877 unus
1390 1856 1502 1877 meam
1527 1856 1596 1878 ser-

296 1918 406 1945 vasset
423 1914 569 1946 salutem
585 1924 593 1946 ε
619 1920 800 1957 propterea
817 1914 1021 1947 insidiarmn
1039 1916 1239 1954 multorum,
1257 1916 1331 1960 ejus
1349 1915 1494 1949 fortasse
1514 1928 1599 1960 prae-

296 1986 396 2028 cipua
408 1995 520 2028 opera,
531 1985 566 2017 in
578 1996 694 2018 meum
706 1990 808 2029 caput
819 1997 1033 2031 regnumque
1045 1987 1126 2019 olim
1135 1991 1335 2030 paratarum
1343 1986 1503 2030 (quorum
1515 1999 1600 2031 prae-

297 2057 387 2100 cipui
399 2056 538 2089 admissi
552 2057 587 2089 in
598 2067 633 2089 se
645 2057 834 2101 majestatis
843 2057 997 2090 criminis
1008 2058 1130 2102 dignas
1142 2058 1263 2091 dedere
1274 2060 1406 2102 poenas)
1414 2060 1598 2102 aliquando

298 2129 452 2162 oblivisci
466 2138 627 2172 possum3
646 2139 732 2161 meae
747 2139 856 2171 nuper
873 2129 994 2161 salutis
1011 2133 1158 2162 servatae
1173 2140 1373 2173 nunquam3
1392 2130 1462 2174 qui,
1480 2133 1599 2174 procul

299 2200 413 2238 dubio,
436 2200 502 2233 nisi
528 2200 583 2233 hic
605 2200 706 2233 citius
724 2200 936 2237 occurrisset,
954 2200 1211 2244 conjuratorum
1229 2201 1457 2244 quorundam,
1475 2203 1600 2246 quibus

938 2272 963 2295 E
