1955 2807
721 308 1051 344 EPISCOPORUM
1074 306 1202 338 VITAE.
1578 303 1614 330 71

313 424 502 458 Christiani
520 422 670 457 nominis
688 420 912 466 principibus,
930 418 1038 456 bellis,
1055 414 1281 450 seditionibus
1299 416 1334 446 et
1347 410 1498 445 externis
1517 414 1550 442 et
1569 410 1620 441 in-

315 497 461 535 testinis,
475 495 722 532 laborantibus,
736 494 828 526 solus
846 493 918 535 ipse
930 490 1035 523 armis
1050 488 1247 521 abstineret.
1274 486 1530 528 oppugnavere
1545 486 1619 514 tum

316 569 448 602 Gallica
464 578 562 601 arma
580 566 688 600 Italiae
702 564 815 602 urbes,
829 573 978 606 quarum
996 560 1173 594 nonnullae
1187 559 1223 591 in
1237 556 1403 590 Lodovici
1417 558 1621 598 potestatem

317 644 494 678 venerant,
511 638 667 682 quaedam
681 636 715 669 vi
729 638 945 679 expugnatae,
957 632 1114 676 quaedam
1128 631 1220 663 ultro
1231 640 1303 662 sese
1317 628 1488 660 dedentes.
1516 625 1624 658 Italiae

319 713 500 756 principes,
517 714 558 743 ut
571 710 698 743 bellum
712 708 796 741 adeo
806 707 1037 751 periculosum
1051 715 1071 737 a
1085 714 1120 736 se
1132 704 1337 738 averterent,
1355 699 1545 731 Heni-icum
1560 697 1624 730 Oc-

319 788 451 821 tavum,
458 782 654 827 Anglorum
663 791 790 825 regem,
798 789 909 812 acrem
916 773 1456 818 adolescentem,flagrantemque
1468 769 1626 812 cupidine

322 856 449 900 gloriae,
460 854 525 887 sub
538 853 648 897 specie
663 852 828 885 Romanae
841 850 988 883 ecclesiae
1002 847 1169 885 tutandae,
1180 846 1223 878 ad
1235 855 1331 878 arma
1342 847 1462 876 contra
1476 841 1627 874 Francos

323 927 488 970 capienda
498 926 686 963 stimulare,
698 924 765 957 rati
777 933 913 956 omnem
923 921 1003 954 belli
1018 920 1089 952 vim
1100 930 1139 952 eo
1150 922 1250 962 pacto
1262 917 1297 949 in
1310 915 1458 949 Galliam
1471 924 1512 946 ex
1526 912 1627 945 Italia

324 998 608 1032 transferendam.
635 996 761 1029 Edicto
773 994 868 1028 hand
881 994 992 1026 multo
1006 996 1085 1036 post
1099 989 1242 1023 Henrici
1260 989 1351 1033 regis
1364 986 1630 1030 Anglorumque

326 1073 526 1115 primatum,
556 1070 691 1103 decreto
717 1067 860 1100 Francis
886 1066 985 1103 bello,
1016 1063 1211 1097 Lodovicus
1237 1062 1369 1105 legatos
1395 1059 1437 1091 ad
1463 1057 1485 1089 J
1488 1057 1631 1090 acobum

326 1144 499 1182 Quartum
513 1141 632 1179 mittit,
650 1143 787 1173 oratum
803 1142 842 1171 ut
853 1137 1023 1170 auxilium
1037 1135 1081 1168 ad
1094 1134 1222 1167 bellum
1230 1133 1305 1177 jam
1324 1131 1507 1164 imminens
1526 1130 1632 1165 daret,

328 1219 448 1248 contra
474 1212 620 1258 Anglos,
646 1215 797 1244 veterem
824 1214 929 1253 atque
955 1216 1174 1241 communem
1200 1204 1347 1241 hostem,
1372 1205 1507 1245 caperet
1528 1211 1634 1235 arma,

329 1290 466 1319 vetusto
483 1296 526 1318 ex
542 1284 680 1323 foedere,
697 1287 751 1316 tot
768 1282 905 1320 saecula,
916 1280 1098 1322 utriusque
1111 1277 1230 1321 populi
1248 1285 1352 1319 opera
1369 1278 1403 1307 et
1420 1272 1635 1306 auctoritate.

329 1357 571 1400 comprobat0;
597 1360 705 1393 ratus,
730 1354 790 1387 ubi
815 1354 851 1386 id
876 1352 998 1385 fuisset
1023 1354 1209 1387 assecutus,
1247 1346 1389 1379 Henrici
1420 1345 1490 1377 vim
1521 1343 1637 1387 <quem

332 1428 465 1473 ingenti
491 1438 569 1460 cum
594 1426 747 1460 exercitu
772 1425 809 1457 in
827 1423 975 1456 Galliam
999 1421 1197 1465 propediem
1214 1418 1452 1463 trajecturum‚
1470 1416 1638 1448 habuerat

333 1511 396 1544 pro
419 1500 607 1543 comperto)
633 1497 767 1531 facilius
793 1496 984 1529 arcendam.
1036 1493 1250 1526 Francorum
1267 1491 1398 1534 legatos
1416 1487 1438 1520 J
1440 1487 1564 1521 acobus
1584 1497 1640 1519 ve—

335 1574 468 1606 nientes
486 1571 594 1616 regali
611 1574 782 1614 apparatu
799 1568 938 1611 accepit,
956 1566 1091 1600 audivit
1113 1564 1282 1608 benigne3
1307 1561 1397 1594 facto
1415 1561 1494 1593 inde
1513 1561 1641 1603 primo-

335 1655 413 1677 rum
431 1648 565 1682 senatu,
584 1642 820 1685 Lodovicique
837 1639 1020 1684 postulatis
1038 1637 1173 1681 publice
1190 1635 1329 1673 auditis,
1354 1633 1483 1677 placuit
1501 1631 1642 1676 quibus-

334 1716 570 1760 damd-,legatos
598 1714 691 1747 mitti
717 1714 760 1746 ad
787 1712 989 1750 Henrieum,
1007 1710 1068 1754 qui
1093 1710 1124 1742 ei
1150 1707 1397 1741 denunciarent
1422 1713 1462 1738 ut
1488 1716 1509 1737 a
1534 1704 1642 1736 Gallis

336 1789 434 1821 sociis
461 1788 623 1830 omnique
649 1786 742 1819 illius
765 1785 878 1830 gentis
904 1783 1035 1828 injuria
1064 1781 1251 1814 abstineret
1266 1789 1275 1818 3
1302 1778 1394 1822 quod
1423 1778 1452 1810 si
1482 1776 1642 1819 consequi

337 1870 407 1892 non
420 1863 570 1902 possent,
584 1858 711 1903 Anglis
729 1857 858 1891 bellum
876 1856 1066 1889 indicerent
1084 1864 1126 1886 ex
1143 1852 1293 1885 foedere:
1311 1850 1381 1889 alii,
1394 1859 1543 1893 quorum
1561 1859 1645 1891 prae-

339 1931 460 1974 cipuus
478 1930 687 1963 wilhelmus
705 1934 823 1962 noster
840 1929 1029 1971 episcopus,
1056 1925 1134 1959 belli
1153 1923 1369 1958 incommoda
1387 1921 1571 1964 aliquando
1589 1930 1646 1952 ex—

337 2004 437 2047 perti,
454 2013 614 2035 censuere
627 2013 697 2035 non
710 2006 837 2034 temere
852 1999 1058 2032 movendam
1075 2008 1148 2030 rem
1165 2001 1299 2029 tantam
1315 2005 1324 2033 ;
1350 2004 1436 2037 opus
1454 1993 1489 2025 in
1508 2003 1544 2024 re
1563 1992 1646 2024 adeo

338 2075 437 2119 gravi
464 2074 557 2107 haud
583 2077 766 2117 properata
791 2070 1052 2107 consultatione,
1078 2079 1120 2101 ne
1149 2067 1332 2104 Henricus,
1356 2076 1417 2098 rex
1442 2064 1647 2100 adolescens,

341 2147 492 2189 paternis
507 2145 629 2189 opibus
644 2143 736 2188 (quae
752 2143 914 2176 maximae
928 2142 1039 2184 erant)
1056 2139 1245 2176 exundans,
1264 2144 1297 2171 et
1315 2137 1450 2180 populis
1464 2137 1506 2169 ad
1522 2136 1647 2168 bellum

340 2219 517 2262 propensis
543 2222 577 2251 et
602 2217 728 2261 quietis
758 2213 1018 2258 impatientibus
1052 2211 1264 2255 imperitans,
1299 2209 1424 2253 quibus
1450 2209 1553 2252 longa
1575 2208 1648 2251 jam

954 2466 1166 2535 QWQ&

972 2584 975 2590 '
998 2584 1057 2614 '1:33
1071 2582 1125 2612 xil*
