1955 2807
685 358 1014 390 EPISCOPORUM
1036 357 1164 387 VITAE.
1539 358 1578 384 27

274 472 372 504 litate
386 471 429 503 ad
443 470 556 503 varios
570 470 763 513 principes3
782 468 919 511 quibus,
938 468 1012 511 ejus
1030 476 1133 509 opera
1150 469 1183 498 et
1197 465 1406 502 interventu,
1425 474 1478 496 res
1492 463 1578 496 diffi-

274 544 411 577 cillimae
429 554 471 575 ex
489 542 603 574 Caroli
621 541 791 573 sententia
808 544 890 571 sunt
909 538 1082 571 confeetae.
1110 537 1231 580 Neque
1249 537 1363 569 minus
1383 536 1493 568 valuit
1510 537 1577 569 viri

272 615 455 659 prudentia
479 614 520 645 ad
544 613 712 650 civitates,
738 622 817 654 quae
836 615 911 643 tum
936 610 979 643 ab
996 609 1122 653 Anglis
1147 610 1190 642 ad
1208 609 1371 642 Carolum
1394 609 1577 647 redierant,

271 687 308 718 in
325 686 439 729 quiete
456 689 559 727 atque
583 684 674 728 regis
697 683 762 716 fide
786 683 971 716 servandas
987 692 994 714 :
1023 682 1065 715 ob
1083 682 1176 725 quod
1193 682 1356 714 meritum
1374 682 1481 714 trium
1499 692 1578 714 aur-

269 768 387 791 eorum
406 757 556 789 millibus
575 757 611 789 iu
629 766 736 788 annos
755 756 909 800 singulos
928 754 970 787 ab
988 765 1067 798 rege
1085 753 1217 786 liberali
1235 757 1286 785 est
1304 753 1461 785 donatus.
1505 753 1576 786 Sub

267 830 303 862 id
328 834 476 872 tempus,
502 828 786 861 contendentibus
811 828 852 860 de
877 838 983 871 regno
1009 826 1206 871 Anglorum
1235 825 1386 858 Henrico
1413 825 1517 858 Sexto
1543 831 1575 859 et

269 901 436 934 Eduardo
454 901 675 939 Eboracensi,
700 901 825 932 missus
843 904 895 932 est
914 899 1068 932 Thomas
1087 899 1130 931 ad
1147 898 1169 930 J
1172 898 1316 931 acobum
1342 897 1539 930 Secundum
1557 910 1575 931 a

270 974 393 1007 Carolo
407 974 552 1017 legatus,
565 977 604 1005 ut
615 983 732 1017 regem
744 977 898 1005 moveret
905 972 948 1004 ad
958 971 1100 1004 Henrici
1115 975 1230 1014 partes
1242 974 1362 1003 contra
1370 969 1575 1003 Eduardum

269 1046 442 1078 tutandas.
494 1044 607 1077 Nixus
634 1049 685 1077 est
710 1045 803 1076 enim
830 1044 974 1076 Carolus
1001 1044 1106 1075 insita
1130 1043 1378 1081 benevolentia,
1405 1047 1573 1085 quantum

268 1118 341 1150 fieri
358 1128 420 1160 per
433 1127 511 1149 eum
529 1117 653 1159 potuit,
668 1115 871 1154 Henricum,
889 1115 1008 1147 multis
1028 1114 1296 1147 adversitatibus
1315 1114 1497 1158 agitatum,
1515 1115 1575 1157 qui

266 1189 367 1221 toties
385 1199 464 1220 eum
480 1188 598 1220 hostili
616 1198 723 1220 manu
740 1191 939 1230 persecutus
957 1187 1081 1225 fuerat,
1100 1186 1324 1218 incommodis
1342 1186 1466 1218 levare.
1511 1185 1576 1218 Ca-

266 1261 332 1293 roli
348 1261 531 1304 postulatis
549 1259 571 1292 J
573 1260 697 1293 acobus
720 1270 763 1292 ex
780 1260 951 1292 sententia
975 1259 1152 1301 respondit
1168 1268 1177 1297 ;
1206 1257 1397 1290 Henricum
1415 1256 1576 1301 profliga-

267 1337 354 1371 tum,
371 1344 478 1377 regno
496 1333 646 1375 pulsum,
672 1332 782 1365 amico
799 1332 916 1364 animo
934 1331 978 1363 ad
999 1342 1034 1363 se
1052 1331 1247 1362 venientem
1265 1330 1403 1372 recepit,
1421 1329 1575 1372 denaque

266 1404 375 1436 millia
393 1405 435 1436 ad
453 1409 612 1447 sumptus
631 1404 740 1436 eidem
758 1403 892 1436 tribuit.
944 1402 1051 1435 Haud
1071 1403 1181 1434 multo
1199 1405 1276 1444 post
1295 1400 1459 1438 Thomas,
1479 1400 1575 1433 Hen-

266 1476 327 1508 rici
345 1487 459 1513 suasu,
483 1476 706 1519 negotiatoris
731 1475 863 1514 habitu,
887 1486 955 1518 quo
978 1474 1094 1506 minus
1112 1473 1201 1506 foret
1219 1473 1388 1517 cognitus,
1406 1471 1573 1517 Angliam

266 1548 364 1590 petit,
393 1548 609 1590 exploratum
636 1558 705 1590 quo
733 1548 769 1579 in
792 1546 985 1579 Henricum
1013 1547 1129 1578 animo
1150 1550 1282 1577 veteres
1309 1549 1423 1577 essent
1448 1545 1572 1577 amici:

265 1620 462 1652 sollicitavit
486 1630 524 1651 ea
547 1619 756 1662 profectione
780 1620 868 1652 miro
891 1619 1030 1663 ingenio
1054 1617 1222 1650 nobilium
1240 1616 1514 1660 quamplurimos
1533 1621 1571 1649 ut

266 1690 458 1723 Henricum
480 1691 517 1723 in
540 1702 686 1735 regumn
710 1691 942 1724 restituerent.
994 1690 1134 1728 Seditio,
1160 1700 1222 1732 per
1248 1689 1283 1721 id
1308 1693 1456 1731 tempus,
1482 1689 1572 1721 inter

268 1761 509 1795 Eduardianos
532 1767 584 1795 est
601 1763 731 1801 oborta,
756 1763 879 1796 comite
897 1762 1039 1796 Varvici
1057 1762 1211 1794 adversae
1230 1760 1396 1793 Eduardo
1413 1760 1571 1793 factionis

267 1834 430 1877 principe.
481 1834 654 1867 Thomam
680 1835 857 1867 discordiae
887 1838 1062 1867 auctorem
1091 1833 1261 1866 nobilium
1286 1833 1444 1865 nonnulli
1471 1830 1570 1875 (quos

269 1916 322 1937 res
340 1917 409 1938 non
427 1907 542 1949 latuit)
563 1906 728 1940 Eduardo
749 1908 911 1940 detulere.
963 1906 1077 1944 Quam
1095 1905 1138 1938 ob
1156 1917 1229 1938 rem
1248 1904 1435 1938 Eduardus
1452 1916 1495 1937 ex
1512 1905 1571 1937 illo

265 1977 438 2010 hominem
457 1978 535 2010 odio
552 1978 710 2011 habitum
729 1979 772 2012 ad
789 1990 906 2012 necem
924 1982 975 2011 est
992 1982 1202 2021 persecutus,
1226 1981 1260 2010 et
1280 1976 1347 2009 nisi
1366 1976 1450 2020 fuga
1467 1976 1570 2008 saluti

265 2049 365 2082 citius
384 2050 620 2088 consuluisset,
638 2051 801 2083 ultimum
818 2051 912 2083 haud
930 2050 1032 2083 dubie
1050 2050 1189 2083 obiisset
1207 2049 1423 2092 supplicium.
1475 2047 1570 2080 Hen-

265 2122 355 2153 ricus
374 2126 510 2164 accepto
529 2122 706 2155 seditionis
719 2123 854 2160 nuntio,
872 2122 995 2154 coactis
1015 2122 1131 2164 copiis,
1149 2122 1186 2153 in
1200 2120 1366 2165 Angliam
1384 2124 1510 2159 movet,
1527 2125 1568 2153 ut

264 2194 362 2235 pulso
380 2192 546 2226 Eduardo
567 2195 604 2226 in
628 2204 776 2238 regnum
799 2194 1049 2226 restitueretur.
1093 2193 1178 2226 Post
1197 2193 1293 2226 varia
1317 2203 1433 2225 rerum
1450 2192 1569 2225 discri-

264 2265 368 2303 mina,
386 2264 507 2299 infelix
524 2266 637 2299 exitus
656 2270 707 2299 est
724 2266 909 2299 insecutus.
953 2264 1008 2298 Sic
1025 2265 1117 2298 enim
1134 2265 1205 2298 fere
1222 2276 1276 2298 res
1294 2268 1376 2298 sunt
1392 2265 1566 2303 humanae,
