1955 2807
722 321 1051 353 EPISCOPORUM
1074 321 1199 352 VITAE.
1576 321 1615 348 45

309 430 473 467 excultor,
507 430 695 462 calumnias
726 430 938 474 litigantium
970 441 1136 467 coercens,
1171 429 1339 462 bonorum
1373 426 1615 460 extortoribus.

307 502 422 545 legum
441 502 703 540 contortoribus,
721 513 900 544 nunquam
918 513 1059 545 parcens
1076 512 1084 540 ;
1117 502 1277 545 adagium
1297 500 1382 533 illud
1400 499 1614 543 frequentius

306 574 436 607 habens
462 575 498 607 in
524 585 592 612 ore,
616 574 724 606 Bonis
748 578 858 612 nocet,
879 574 938 616 qui
964 575 1064 606 malis
1091 574 1210 616 parcit.
1263 573 1339 606 Hoc
1364 578 1464 616 pacto
1490 572 1614 605 funda-

304 652 421 679 menta
433 647 518 690 jecit
542 645 668 678 futurae
689 646 952 690 magnitudinis.
1004 646 1070 678 Sed
1096 657 1166 678 non
1192 647 1306 689 potuit
1333 650 1470 678 tantum
1496 646 1611 678 lumen

305 718 368 750 sub
395 718 509 751 modio
527 717 711 756 abscondi3
739 728 809 750 non
835 718 949 760 potuit
966 718 1059 750 intra
1080 718 1191 750 solum
1211 716 1459 761 Glasguensem
1485 728 1610 761 agrum

301 791 467 823 contineri
483 800 490 822 ε
517 802 537 823 a
554 801 633 835 rege
651 789 779 823 Jacobo
797 790 962 834 regnique
983 790 1192 833 primoribus
1211 788 1459 833 Edinburgum
1477 793 1528 820 est
1547 799 1605 820 vo-

303 868 410 901 catus,
429 868 469 896 ut
487 864 523 895 in
541 863 642 895 rebus
660 863 874 895 arduissimis
894 863 968 906 ejus
987 863 1122 894 decreto
1136 866 1317 894 uterentur
1333 871 1340 894 ε
1363 860 1422 893 ubi
1440 865 1474 893 et
1493 860 1609 893 Sancti

302 934 450 967 Andreae
468 935 686 967 officialatum
712 934 856 967 feliciter
881 934 961 979 egit.
1015 933 1121 966 Haud
1144 935 1254 966 multo
1275 938 1353 976 post
1376 934 1467 966 inter
1494 934 1607 976 regios

300 1008 510 1039 consiliarios
536 1008 674 1045 relatus,
698 1008 785 1050 aequi
812 1018 850 1039 ac
876 1006 975 1050 probi
1001 1011 1158 1050 respectu
1184 1006 1343 1050 religiosa
1369 1006 1608 1038 observatione

299 1090 433 1122 semper
451 1084 501 1111 est
516 1083 671 1111 versatus
688 1090 694 1110 :
713 1079 801 1110 nihil
816 1079 881 1111 sibi
895 1079 1056 1122 judicans
1074 1079 1159 1111 utile
1177 1079 1269 1121 quod
1282 1089 1405 1121 parum
1423 1078 1607 1111 honestum

298 1151 458 1192 cuiquam
472 1151 553 1194 jure
571 1150 682 1182 videri
700 1154 845 1192 poterat.
892 1150 984 1183 Hinc
1003 1150 1184 1182 wilhelmi
1203 1161 1327 1182 nomen
1346 1150 1537 1193 percelebre
1556 1156 1605 1183 est

299 1221 466 1254 habitum.
504 1222 597 1254 Hinc
614 1221 823 1255 WVilhelmus
841 1223 1001 1255 maximis
1020 1222 1062 1254 de
1079 1222 1180 1254 rebus
1199 1222 1427 1254 deliberandis
1446 1221 1607 1265 frequen-

296 1294 365 1326 tius
389 1295 581 1326 accersitus.
635 1294 727 1327 Hinc
745 1295 818 1339 ejus
837 1295 973 1327 decreta
990 1294 1151 1327 omnibus
1169 1294 1324 1337 probata.
1378 1294 1435 1327 Ad
1454 1294 1606 1327 feliciora

297 1366 513 1398 trahentibus
539 1377 617 1398 eum
644 1366 735 1404 fatis,
763 1366 936 1409 profectus
964 1378 1034 1399 una
1064 1377 1142 1399 cum
1169 1366 1408 1398 Dunkeldensi
1435 1367 1603 1409 episcopo,

298 1438 514 1481 Buquhaniae
532 1439 666 1477 comite,
692 1443 725 1471 et
752 1439 850 1483 regni
870 1437 922 1479 (ut
940 1439 989 1471 ita
1013 1439 1161 1481 dicatur)
1183 1438 1386 1482 justitiario,
1407 1442 1523 1470 orator
1545 1437 1604 1470 Ja-

296 1511 369 1543 cohi
389 1511 499 1543 Tertii
518 1512 560 1543 ad
581 1510 794 1543 Lodovicum
815 1510 1056 1549 Undecimum,
1076 1511 1289 1543 Francorum
1307 1522 1436 1555 regem,
1453 1511 1603 1543 delendae

296 1583 498 1625 suspicionis
516 1593 628 1621 causa,
647 1583 912 1626 apparentisque
930 1583 1063 1616 dissidii
1081 1584 1172 1616 inter
1185 1594 1281 1627 reges
1296 1583 1408 1616 oborti
1423 1583 1602 1615 scelerato-

294 1665 372 1687 rum
390 1660 493 1697 atque
511 1655 825 1698 impurissimorum
843 1656 1062 1698 quorundam
1079 1656 1241 1698 impulsu,
1259 1666 1329 1688 non
1347 1656 1474 1698 sopivit
1489 1656 1600 1688 solum

294 1737 369 1759 eam
387 1737 426 1759 ac
443 1727 578 1770 pressit,
598 1728 655 1760 sed
674 1728 931 1771 elegantissima
948 1728 1113 1766 oratione,
1131 1738 1235 1771 quam
1253 1738 1333 1772 rege
1350 1738 1464 1760 coram
1478 1727 1601 1759 habuit

294 1799 328 1830 in
349 1798 559 1831 Francorum
578 1804 714 1837 senatu,
733 1800 924 1832 summovit
940 1800 1078 1842 penitus
1097 1804 1200 1843 atque
1217 1800 1376 1832 extinxit.
1415 1799 1494 1837 Qua
1510 1799 1545 1831 in
1564 1810 1600 1831 re

294 1870 467 1903 Lodovoci
481 1875 613 1904 tantam
628 1876 680 1904 est
690 1871 963 1904 benevolentiam
980 1876 1165 1910 assecutus,
1178 1876 1219 1905 ut
1236 1883 1315 1904 eum
1327 1872 1418 1904 inter
1429 1882 1509 1904 suos
1521 1882 1599 1904 con-

292 1942 438 1974 siliarios
456 1943 631 1975 numerari
644 1943 792 1987 juberet.
841 1944 1018 1977 Orationis
1036 1955 1105 1977 non
1123 1945 1328 1977 sententiam
1347 1945 1469 1981 solum,
1488 1944 1546 1976 sed
1564 1948 1598 1975 et

295 2015 406 2052 verba,
432 2026 475 2047 ne
497 2015 581 2057 quid
599 2015 762 2054 varietur,
787 2017 900 2048 visum
919 2020 970 2048 est
995 2015 1132 2055 referre,
1150 2021 1190 2049 ut
1215 2020 1384 2059 quantum
1413 2015 1597 2058 prudentia

291 2086 450 2129 pollebat,
475 2091 712 2130 quantumque
730 2087 866 2120 valebat
884 2088 1089 2130 eloquentia,
1107 2088 1310 2131 dignoscant
1334 2087 1394 2130 qui
1412 2097 1487 2119 eam
1508 2088 1597 2131 lege-

293 2159 374 2191 rint.
425 2158 517 2191 Dato
536 2159 749 2192 Francorum
777 2163 909 2197 senatu,
930 2157 1188 2202 VVilhelmoque
1214 2159 1347 2191 dicendi
1372 2158 1464 2192 facta
1484 2162 1596 2201 potes-

292 2236 372 2269 tate,
411 2230 543 2264 Vellem
581 2231 722 2275 (inquit)
755 2230 1048 2265 Christianissime
1081 2232 1250 2275 princeps,
1285 2231 1497 2266 Francorum
1532 2242 1594 2264 rex
