1955 2807
414 305 450 331 12
865 297 1263 329 ABERDONENSIUM

412 414 503 443 runt.
554 409 663 452 Angli
685 408 821 441 amissae
847 407 933 440 arcis
957 417 1192 450 caesorumque
1210 405 1454 439 contribulium
1478 407 1570 439 tristi
1593 406 1718 439 nuncio

412 483 535 521 affecti,
553 482 676 515 coactis
695 480 800 523 copiis
818 478 1053 512 Aberdoniam
1071 483 1211 511 movent
1228 478 1344 510 animo
1361 482 1535 521 acceptam
1552 478 1717 522 injuriam

413 555 606 589 ulciscendi.
644 553 685 586 Id
702 552 762 586 ubi
780 552 990 585 Aberdoniae
1008 551 1221 589 nunciatum,
1239 550 1404 583 Brusiani
1421 549 1525 582 simul
1542 559 1620 582 cum
1639 550 1720 581 civi-

412 628 476 660 bus
502 628 592 660 illico
618 626 744 669 oppido
761 625 889 669 egressi
915 628 1007 663 sunt,
1032 634 1110 656 cum
1133 622 1290 655 hostibus
1316 622 1523 655 dimicaturi.
1570 621 1720 654 Joannes

414 699 586 732 Frisarius
605 698 769 731 Brusiani
793 697 974 735 exercitus,
997 696 1057 738 qui
1080 700 1156 728 tum
1174 694 1383 727 Aberdoniae
1408 693 1534 732 fuerat,
1553 694 1624 726 dux
1649 694 1720 726 suis

412 772 461 804 ita
478 772 611 804 animos
637 770 791 803 accendit
812 769 855 801 ad
876 778 1028 812 pugnam
1047 771 1087 799 ut
1110 777 1179 799 non
1202 770 1275 799 tam
1300 766 1343 798 ad
1367 770 1538 798 certamen
1556 776 1659 808 quam
1679 765 1721 797 ad

412 848 540 876 certam
563 842 744 875 victoriam
766 839 926 884 progredi
951 839 1160 871 viderentur.
1212 837 1305 870 Inita
1334 848 1451 881 pugna
1479 837 1642 870 acerrime
1672 842 1722 869 est

413 920 591 948 certatum.
643 912 798 946 Victoria
817 911 956 944 tandem
984 909 1055 950 (sed
1077 910 1232 952 cruenta)
1251 909 1359 941 Scotis
1377 909 1500 941 cessit:
1526 907 1722 952 Anglorum

412 985 661 1029 quamplurimi
676 996 714 1017 eo
728 983 848 1027 praelio
863 983 953 1021 caesi,
964 982 1064 1025 pauci
1078 982 1150 1014 vivi
1164 981 1266 1024 capti,
1278 980 1347 1013 rari
1362 980 1493 1024 fugere,
1505 980 1589 1012 adeo
1601 980 1724 1012 acriter

412 1060 448 1091 in
467 1069 586 1102 pugna
603 1057 846 1101 perdurarunt.
890 1055 1026 1087 Placuit
1044 1053 1232 1087 victoribus
1250 1064 1340 1097 quos
1359 1058 1475 1096 captos
1494 1052 1666 1085 habebant
1684 1053 1726 1085 ad

412 1138 577 1164 terrorem
608 1134 706 1162 extra
733 1128 898 1171 oppidum
924 1126 1021 1159 furca
1047 1126 1277 1169 suspendere:
1309 1126 1368 1157 sed
1395 1129 1534 1157 vetuere
1559 1125 1723 1162 canonici,

413 1209 516 1247 atque
543 1208 582 1236 ut
609 1211 778 1235 caesorum
804 1210 947 1243 corpora
972 1199 1014 1231 ad
1040 1199 1205 1241 posticam
1232 1197 1351 1240 templi
1375 1197 1446 1229 divi
1473 1195 1608 1228 Nicolai
1632 1200 1725 1228 terra

413 1276 652 1312 conderentur,
680 1273 773 1316 apud
790 1272 983 1304 Frisarium
1008 1275 1111 1313 atque
1129 1270 1247 1313 oppidi
1268 1268 1471 1312 praefectum
1489 1267 1724 1305 obtinuerunt,

413 1348 472 1380 ubi
491 1358 609 1379 eorum
635 1356 711 1378 ossa
740 1355 818 1377 cum
846 1343 956 1376 titulis
983 1343 1019 1375 in
1045 1343 1093 1375 rei
1111 1346 1375 1374 monumentum
1392 1340 1505 1373 adhue
1522 1344 1723 1373 cernuntur.

413 1419 479 1452 Sed
506 1422 723 1451 revertamur
753 1416 844 1449 unde
873 1415 1028 1459 digressi.
1080 1413 1265 1451 Robertus,
1291 1413 1422 1455 pacatis
1447 1412 1587 1444 tandem
1612 1411 1725 1450 rebus,

415 1491 610 1535 Anglisque
631 1501 648 1522 e
667 1489 781 1522 Scotia
798 1488 918 1531 pulsis,
937 1491 970 1519 et
987 1487 1023 1519 in
1041 1486 1208 1530 Angliam
1225 1485 1382 1528 repulsis,
1400 1485 1490 1517 inter
1507 1484 1726 1517 lustrandum

416 1563 563 1607 patriam
584 1562 704 1604 templi
723 1560 907 1593 aedificium
922 1558 1143 1596 Aberdoniae,
1160 1557 1303 1589 Henrici
1314 1567 1417 1599 opera
1434 1557 1620 1599 inceptum,
1638 1555 1727 1588 forte

417 1636 643 1678 conspicatus,
664 1634 771 1678 jussit
795 1631 964 1676 pontificis
983 1630 1146 1674 impensis
1166 1628 1222 1670 (ne
1240 1630 1276 1661 in
1293 1628 1454 1671 profanos
1472 1638 1555 1660 usus
1573 1628 1726 1660 ecclesiae

418 1708 572 1740 redditus
590 1706 879 1749 expenderentur)
899 1704 1042 1737 chorum
1060 1702 1302 1735 consummari.
1344 1700 1482 1732 Exinde
1499 1700 1631 1742 aliquot
1651 1705 1729 1742 post

425 1790 533 1812 annos
552 1778 724 1811 Henricus
747 1776 981 1820 (permittente
1004 1776 1097 1819 rege)
1121 1773 1164 1806 ab
1188 1773 1289 1805 exilio
1306 1771 1541 1805 Aberdoniam
1559 1782 1727 1810 reversus,

423 1851 483 1885 ubi
501 1855 683 1894 postquam
702 1848 915 1882 labefactatae
926 1847 1101 1891 religionis
1113 1846 1200 1878 sacri
1211 1845 1435 1889 magistratus
1447 1844 1581 1877 defectu
1594 1855 1730 1887 repara-

426 1924 512 1957 tioni
538 1923 728 1966 plurimum
754 1921 987 1958 insudaverat,
1011 1917 1183 1951 XLVIII.
1208 1928 1299 1950 anno
1316 1928 1385 1961 quo
1408 1917 1524 1949 sedere
1547 1917 1729 1960 inceperat,

427 2000 537 2028 morte
563 1999 614 2027 est
639 1997 826 2036 correptus.
876 1992 946 2031 Qui
970 2001 1081 2024 annus
1105 1995 1179 2023 erat
1196 1990 1349 2023 Roberto
1372 1990 1446 2034 regi
1470 1989 1553 2021 vitae
1574 1989 1729 2026 ultimus,

186 2069 229 2101 A.
243 2069 285 2101 D.
306 2071 409 2104 1329.
425 2068 555 2102 Christi
573 2067 704 2100 domini
722 2066 888 2098 adventus
907 2064 1108 2097 millesimus
1126 2063 1385 2096 trecentesimus
1404 2061 1590 2104 vigesimus
1608 2070 1729 2092 nonus.

475 2212 515 2244 In
530 2213 603 2256 ejus
617 2213 729 2245 locum
743 2207 1101 2244 ALEXANDRUM
1117 2206 1219 2240 KYN
1224 2206 1276 2239 IN
1280 2204 1390 2239 MUN
1393 2204 1426 2236 D
1440 2204 1638 2248 theologum
1656 2203 1733 2236 doc-
