1955 2807
715 245 1044 276 EPISCOPORUM
1068 245 1194 276 VITAE.
1589 246 1606 272 5

303 356 388 389 duos
404 366 511 387 annos
525 355 597 399 egit
610 355 857 398 pontificatum.
885 354 919 386 N
921 366 957 387 ec
970 355 1042 387 sine
1060 355 1252 387 sanctitatis
1265 354 1424 397 opinione
1440 358 1609 391 mortuus,

303 438 351 463 ea,
379 438 458 470 quae
479 427 677 470 episcopum
703 427 808 465 decet,
834 437 961 469 pompa
984 427 1101 459 eodem
1125 437 1203 459 cum
1221 425 1339 458 Beano
1366 426 1438 458 loco
1463 426 1614 458 traditur

305 500 504 541 sepulturae,
521 498 655 543 Edgari
672 499 762 542 regis
781 509 871 531 anno
889 499 1010 540 primo.

352 643 405 675 Eo
432 647 584 685 tempore
608 640 915 674 CORMACHUS
933 641 1173 684 pontificatum
1200 642 1279 674 iniit
1305 642 1612 681 Murthlaceusem,

302 715 355 746 vir
373 718 480 747 tantae
497 714 691 757 prudentiae
711 719 745 746 et
763 713 914 751 virtutis,
933 717 972 745 ut
990 713 1206 746 doctissimos
1227 713 1331 746 simul
1348 718 1452 757 atque
1470 715 1614 747 sanctis-

299 787 403 819 simos
421 787 586 828 praesules
604 785 731 818 referre
749 786 928 818 diceretur.
979 784 1175 818 Treeesimo
1192 796 1283 818 nono
1302 786 1441 818 tandem
1459 788 1512 819 sui
1530 797 1613 829 pon-

300 857 448 890 tificatus
475 869 565 891 anno
591 857 672 891 fatis
699 858 809 890 cessit.
863 857 1068 895 Pontificali,
1087 858 1179 900 quod
1207 858 1370 897 diximus,
1389 864 1613 892 monumento

301 931 468 973 sepultus.

350 1072 441 1105 Huic
452 1073 488 1104 in
500 1072 675 1115 pontificio
687 1083 828 1105 munere
842 1072 1109 1105 NECTANUS
1121 1074 1292 1112 successit,
1306 1074 1498 1107 Alexandri
1509 1075 1611 1118 primi

299 1145 388 1188 regis
414 1155 505 1177 anno
527 1145 658 1177 decimo
686 1149 793 1183 sexto,
820 1144 951 1177 Christi
978 1155 1058 1177 vero
1082 1146 1232 1178 secundo
1259 1156 1364 1188 supra
1387 1147 1608 1180 millesimum

297 1216 522 1248 centesimum
540 1220 574 1248 et
592 1215 804 1248 vicesimum.
853 1215 957 1248 Hunc
974 1216 1123 1249 eruditio
1140 1221 1174 1249 et
1191 1228 1328 1250 morum
1345 1218 1499 1261 gravitas
1518 1219 1611 1261 apud
1630 1219 1719 1252 A.D.
1741 1222 1844 1254 1122.

298 1298 412 1331 regem
438 1287 553 1320 David
571 1287 726 1320 fecerunt
752 1288 852 1326 tanti,
877 1292 917 1321 ut
934 1289 1029 1332 regia
1049 1289 1189 1332 negotia
1209 1289 1346 1332 publica
1363 1294 1397 1322 ct
1418 1290 1556 1333 privata
1573 1302 1615 1324 ex

296 1359 370 1403 ejus
385 1360 556 1392 sententia
569 1364 603 1392 et
620 1360 727 1393 ductu
738 1364 934 1404 agerentur.
961 1359 1010 1393 Et
1025 1365 1064 1393 ut
1079 1361 1262 1404 episcopali
1279 1362 1440 1405 gerendae
1451 1363 1614 1407 dignitati

297 1430 477 1463 facultates
495 1436 718 1474 suppeterent
736 1429 825 1472 (erat
849 1432 941 1464 enim
960 1430 1235 1465 Murthlacenses
1257 1433 1393 1477 exiguae
1414 1434 1614 1478 admodum)

300 1506 469 1535 mutatam
487 1503 602 1535 sedem
621 1503 780 1542 antistiti,
798 1504 876 1546 pius
894 1514 955 1536 rex
973 1504 1125 1546 primum
1136 1503 1217 1537 fecit
1231 1503 1523 1545 Aberdonensem,
1534 1508 1614 1540 inde

298 1575 416 1607 multis
434 1575 577 1608 donavit
595 1575 832 1618 proventibus,
855 1576 948 1620 agris
967 1580 1070 1619 atque
1091 1577 1231 1619 praediis
1249 1578 1374 1610 veteris
1393 1578 1613 1618 Aberdoniae,

296 1647 337 1679 de
361 1646 488 1690 Sclaty‚
509 1645 633 1685 Gowll,
658 1647 841 1686 Murcroft,
863 1647 1091 1692 Kynmundy,
1113 1648 1378 1689 MawmeuIach,
1397 1651 1485 1690 Clat,
1504 1651 1614 1696 Tuly-

298 1723 432 1761 nestyn,
451 1718 565 1762 Rayn‚
579 1719 731 1762 Davyot,
750 1730 828 1752 cum
843 1731 962 1753 eorum
980 1722 1128 1764 templis,
1141 1721 1232 1754 villis
1247 1723 1524 1767 templorumque
1537 1725 1613 1757 red-

297 1790 437 1828 ditibus,
451 1791 583 1824 decima
599 1792 706 1836 regiae
724 1802 872 1825 anuonae
889 1797 986 1836 parte
1001 1798 1234 1836 proventuum
1252 1799 1285 1827 et
1307 1795 1528 1840 vectigalium
1550 1807 1610 1829 seu

297 1863 530 1904 portoriorum
541 1862 798 1897 Aberdonensis
817 1865 945 1908 oppidi,
965 1866 1139 1908 variisque
1153 1866 1239 1905 aliis,
1257 1871 1298 1899 ut
1316 1867 1420 1911 regiis
1439 1879 1481 1900 ex
1501 1869 1610 1912 diplo-

298 1934 447 1967 matibus
459 1934 557 1967 facile
575 1935 729 1979 dignosci
744 1941 867 1979 potest.
912 1936 1013 1969 Diem
1027 1937 1150 1970 clausit
1168 1938 1224 1971 hic
1235 1938 1391 1981 pontifex
1403 1939 1611 1973 Christianae

298 2005 418 2038 salutis
437 2017 527 2038 anno
545 2007 727 2040 millesimo
745 2009 929 2041 centesimo
949 2010 1237 2054 quinquagesimo
1254 2012 1413 2049 secundo,
1434 2012 1611 2045 Malcolmi
1629 2013 1720 2046 A.D.
1743 2015 1844 2045 1159.

299 2077 415 2119 quarti
425 2078 516 2121 regis
528 2078 641 2121 primo
654 2089 662 2117 ς
676 2083 860 2123 postquam
874 2081 1063 2114 Murthlaci
1075 2082 1208 2115 sederat
1222 2093 1329 2116 annos
1341 2085 1610 2126 quatuordecim,

299 2153 332 2181 et
352 2147 562 2182 Aberdoniae
581 2149 700 2182 XVII.
