<?xml version="1.0" encoding="UTF-8"?>
<!DOCTYPE html PUBLIC "-//W3C//DTD XHTML 1.0 Transitional//EN"
    "http://www.w3.org/TR/xhtml1/DTD/xhtml1-transitional.dtd">
<html xmlns="http://www.w3.org/1999/xhtml" xml:lang="en" lang="en">
 <head>
  <title>
</title>
<meta http-equiv="Content-Type" content="text/html;charset=utf-8" />
  <meta name='ocr-system' content='tesseract 3.04.00' />
  <meta name='ocr-capabilities' content='ocr_page ocr_carea ocr_par ocr_line ocrx_word'/>
</head>
<body>
  <div class='ocr_page' id='page_1' title='image "./hectorisboetiimu00bann_0062.png"; bbox 0 0 1955 2807; ppageno 0'>
   <div class='ocr_carea' id='block_1_1' title="bbox 307 309 1153 343">
    <p class='ocr_par' dir='ltr' id='par_1_1' title="bbox 307 309 1153 343">
     <span class='ocr_line' id='line_1_1' title="bbox 307 309 1153 343; baseline 0.009 -8"><span class='ocrx_word' id='word_1_1' title='bbox 307 309 346 336; x_wconf 69' lang='lat'><strong>44</strong></span> <span class='ocrx_word' id='word_1_2' title='bbox 758 311 1153 343; x_wconf 84' lang='lat' dir='ltr'><strong>ABERDONENSIUM</strong></span> 
     </span>
    </p>
   </div>
   <div class='ocr_carea' id='block_1_2' title="bbox 295 416 1607 2188">
    <p class='ocr_par' dir='ltr' id='par_1_2' title="bbox 295 416 1607 2188">
     <span class='ocr_line' id='line_1_2' title="bbox 306 416 1603 461; baseline 0.006 -14"><span class='ocrx_word' id='word_1_3' title='bbox 306 416 476 458; x_wconf 78' lang='lat' dir='ltr'><strong>patefecit,</strong></span> <span class='ocrx_word' id='word_1_4' title='bbox 507 422 546 449; x_wconf 90' lang='lat' dir='ltr'><strong>ut</strong></span> <span class='ocrx_word' id='word_1_5' title='bbox 580 417 738 450; x_wconf 85' lang='lat' dir='ltr'><strong>omnibus</strong></span> <span class='ocrx_word' id='word_1_6' title='bbox 765 419 957 453; x_wconf 87' lang='lat' dir='ltr'>incredibili</span> <span class='ocrx_word' id='word_1_7' title='bbox 985 421 1211 454; x_wconf 80' lang='lat' dir='ltr'>admiratione</span> <span class='ocrx_word' id='word_1_8' title='bbox 1240 420 1434 461; x_wconf 86' lang='lat' dir='ltr'><strong>haberetur,</strong></span> <span class='ocrx_word' id='word_1_9' title='bbox 1469 433 1603 457; x_wconf 88' lang='lat' dir='ltr'><strong>summo</strong></span> 
     </span>
     <span class='ocr_line' id='line_1_3' title="bbox 306 488 1605 532; baseline 0.006 -13"><span class='ocrx_word' id='word_1_10' title='bbox 306 488 444 526; x_wconf 81' lang='lat' dir='ltr'>honore,</span> <span class='ocrx_word' id='word_1_11' title='bbox 469 499 603 521; x_wconf 87' lang='lat' dir='ltr'><strong>summa</strong></span> <span class='ocrx_word' id='word_1_12' title='bbox 620 489 811 524; x_wconf 86' lang='lat' dir='ltr'><strong>afficeretur</strong></span> <span class='ocrx_word' id='word_1_13' title='bbox 829 494 1068 532; x_wconf 80' lang='lat' dir='ltr'><strong>veneratione3</strong></span> <span class='ocrx_word' id='word_1_14' title='bbox 1087 494 1177 526; x_wconf 92' lang='lat' dir='ltr'><strong>unde</strong></span> <span class='ocrx_word' id='word_1_15' title='bbox 1195 492 1352 526; x_wconf 84' lang='lat' dir='ltr'><strong>effectum</strong></span> <span class='ocrx_word' id='word_1_16' title='bbox 1370 497 1410 526; x_wconf 92' lang='lat' dir='ltr'><strong>ut</strong></span> <span class='ocrx_word' id='word_1_17' title='bbox 1426 493 1605 527; x_wconf 83' lang='lat' dir='ltr'><strong>Wilhelmi</strong></span> 
     </span>
     <span class='ocr_line' id='line_1_4' title="bbox 305 562 1607 609; baseline 0.005 -17"><span class='ocrx_word' id='word_1_18' title='bbox 305 572 429 593; x_wconf 89' lang='lat' dir='ltr'><strong>nomen</strong></span> <span class='ocrx_word' id='word_1_19' title='bbox 446 562 538 604; x_wconf 86' lang='lat' dir='ltr'><strong>apud</strong></span> <span class='ocrx_word' id='word_1_20' title='bbox 553 562 765 596; x_wconf 84' lang='lat' dir='ltr'><strong>Francorum</strong></span> <span class='ocrx_word' id='word_1_21' title='bbox 779 565 1003 609; x_wconf 81' lang='lat' dir='ltr'>magistratus</span> <span class='ocrx_word' id='word_1_22' title='bbox 1017 571 1089 599; x_wconf 88' lang='lat' dir='ltr'><strong>tam</strong></span> <span class='ocrx_word' id='word_1_23' title='bbox 1107 566 1285 598; x_wconf 81' lang='lat' dir='ltr'><strong>excellenti</strong></span> <span class='ocrx_word' id='word_1_24' title='bbox 1302 566 1530 599; x_wconf 84' lang='lat' dir='ltr'><strong>aestimatione</strong></span> <span class='ocrx_word' id='word_1_25' title='bbox 1546 567 1607 599; x_wconf 90' lang='lat' dir='ltr'><strong>ha-</strong></span> 
     </span>
     <span class='ocr_line' id='line_1_5' title="bbox 304 633 1605 681; baseline 0.005 -16"><span class='ocrx_word' id='word_1_26' title='bbox 304 633 374 665; x_wconf 87' lang='lat' dir='ltr'><strong>beri</strong></span> <span class='ocrx_word' id='word_1_27' title='bbox 402 635 448 666; x_wconf 87' lang='lat' dir='ltr'><strong>sit</strong></span> <span class='ocrx_word' id='word_1_28' title='bbox 474 639 634 678; x_wconf 86' lang='lat' dir='ltr'><strong>coeptum,</strong></span> <span class='ocrx_word' id='word_1_29' title='bbox 665 641 705 668; x_wconf 90' lang='lat' dir='ltr'><strong>ut</strong></span> <span class='ocrx_word' id='word_1_30' title='bbox 732 637 806 681; x_wconf 87' lang='lat' dir='ltr'><strong>ejus</strong></span> <span class='ocrx_word' id='word_1_31' title='bbox 837 639 1007 671; x_wconf 88' lang='lat' dir='ltr'><strong>sententia</strong></span> <span class='ocrx_word' id='word_1_32' title='bbox 1034 638 1236 671; x_wconf 88' lang='lat' dir='ltr'><strong>Parisiensis</strong></span> <span class='ocrx_word' id='word_1_33' title='bbox 1265 639 1531 681; x_wconf 83' lang='lat' dir='ltr'><strong>parliamenteus</strong></span> <span class='ocrx_word' id='word_1_34' title='bbox 1554 650 1605 672; x_wconf 88' lang='lat' dir='ltr'><strong>se-</strong></span> 
     </span>
     <span class='ocr_line' id='line_1_6' title="bbox 303 706 1603 753; baseline 0.005 -16"><span class='ocrx_word' id='word_1_35' title='bbox 303 710 404 738; x_wconf 85' lang='lat' dir='ltr'><strong>natus</strong></span> <span class='ocrx_word' id='word_1_36' title='bbox 423 706 458 738; x_wconf 86' lang='lat' dir='ltr'><strong>in</strong></span> <span class='ocrx_word' id='word_1_37' title='bbox 476 708 612 750; x_wconf 85' lang='lat' dir='ltr'><strong>magnis</strong></span> <span class='ocrx_word' id='word_1_38' title='bbox 634 707 736 740; x_wconf 88' lang='lat' dir='ltr'><strong>rebus</strong></span> <span class='ocrx_word' id='word_1_39' title='bbox 754 709 973 742; x_wconf 80' lang='lat' dir='ltr'><strong>decernendis</strong></span> <span class='ocrx_word' id='word_1_40' title='bbox 991 721 1240 753; x_wconf 83' lang='lat' dir='ltr'><strong>nonnunquam</strong></span> <span class='ocrx_word' id='word_1_41' title='bbox 1256 714 1421 743; x_wconf 87' lang='lat' dir='ltr'><strong>uteretur.</strong></span> <span class='ocrx_word' id='word_1_42' title='bbox 1473 711 1603 744; x_wconf 82' lang='lat' dir='ltr'><strong>Mansit</strong></span> 
     </span>
     <span class='ocr_line' id='line_1_7' title="bbox 303 777 1603 824; baseline 0.005 -15"><span class='ocrx_word' id='word_1_43' title='bbox 303 777 378 809; x_wconf 92' lang='lat' dir='ltr'><strong>viro</strong></span> <span class='ocrx_word' id='word_1_44' title='bbox 403 778 432 810; x_wconf 90' lang='lat' dir='ltr'><strong>is</strong></span> <span class='ocrx_word' id='word_1_45' title='bbox 458 778 566 810; x_wconf 85' lang='lat' dir='ltr'><strong>honos</strong></span> <span class='ocrx_word' id='word_1_46' title='bbox 594 780 684 811; x_wconf 87' lang='lat' dir='ltr'><strong>inter</strong></span> <span class='ocrx_word' id='word_1_47' title='bbox 705 779 918 812; x_wconf 81' lang='lat' dir='ltr'><strong>Francorum</strong></span> <span class='ocrx_word' id='word_1_48' title='bbox 946 781 1115 824; x_wconf 87' lang='lat' dir='ltr'><strong>majores:</strong></span> <span class='ocrx_word' id='word_1_49' title='bbox 1146 781 1338 824; x_wconf 81' lang='lat' dir='ltr'><strong>augebatur</strong></span> <span class='ocrx_word' id='word_1_50' title='bbox 1364 782 1468 814; x_wconf 87' lang='lat' dir='ltr'><strong>etiam</strong></span> <span class='ocrx_word' id='word_1_51' title='bbox 1494 783 1603 815; x_wconf 90' lang='lat' dir='ltr'><strong>indies</strong></span> 
     </span>
     <span class='ocr_line' id='line_1_8' title="bbox 301 849 1604 895; baseline 0.005 -14"><span class='ocrx_word' id='word_1_52' title='bbox 301 849 546 882; x_wconf 85' lang='lat' dir='ltr'><strong>benevolentia.</strong></span> <span class='ocrx_word' id='word_1_53' title='bbox 578 850 672 882; x_wconf 89' lang='lat' dir='ltr'><strong>Dum</strong></span> <span class='ocrx_word' id='word_1_54' title='bbox 684 851 720 882; x_wconf 91' lang='lat' dir='ltr'><strong>in</strong></span> <span class='ocrx_word' id='word_1_55' title='bbox 735 850 856 884; x_wconf 84' lang='lat' dir='ltr'><strong>Galliis</strong></span> <span class='ocrx_word' id='word_1_56' title='bbox 867 852 947 895; x_wconf 85' lang='lat' dir='ltr'><strong>egit,</strong></span> <span class='ocrx_word' id='word_1_57' title='bbox 959 851 1055 884; x_wconf 84' lang='lat' dir='ltr'><strong>fuere</strong></span> <span class='ocrx_word' id='word_1_58' title='bbox 1067 853 1257 894; x_wconf 89' lang='lat' dir='ltr'><strong>complures</strong></span> <span class='ocrx_word' id='word_1_59' title='bbox 1275 853 1400 895; x_wconf 86' lang='lat' dir='ltr'><strong>quibus</strong></span> <span class='ocrx_word' id='word_1_60' title='bbox 1418 854 1484 886; x_wconf 88' lang='lat' dir='ltr'><strong>viri</strong></span> <span class='ocrx_word' id='word_1_61' title='bbox 1501 855 1604 887; x_wconf 88' lang='lat' dir='ltr'><strong>socie-</strong></span> 
     </span>
     <span class='ocr_line' id='line_1_9' title="bbox 302 923 1602 967; baseline 0.005 -15"><span class='ocrx_word' id='word_1_62' title='bbox 302 926 353 953; x_wconf 88' lang='lat' dir='ltr'><strong>tas</strong></span> <span class='ocrx_word' id='word_1_63' title='bbox 372 926 472 965; x_wconf 85' lang='lat' dir='ltr'><strong>grata</strong></span> <span class='ocrx_word' id='word_1_64' title='bbox 489 926 562 954; x_wconf 87' lang='lat' dir='ltr'><strong>erat</strong></span> <span class='ocrx_word' id='word_1_65' title='bbox 580 923 764 954; x_wconf 81' lang='lat' dir='ltr'><strong>admodum</strong></span> <span class='ocrx_word' id='word_1_66' title='bbox 783 927 886 966; x_wconf 85' lang='lat' dir='ltr'><strong>atque</strong></span> <span class='ocrx_word' id='word_1_67' title='bbox 899 924 1054 967; x_wconf 85' lang='lat' dir='ltr'><strong>jucunda</strong></span> <span class='ocrx_word' id='word_1_68' title='bbox 1069 933 1075 955; x_wconf 92' lang='lat'>:</span> <span class='ocrx_word' id='word_1_69' title='bbox 1102 923 1226 956; x_wconf 86' lang='lat' dir='ltr'><strong>horum</strong></span> <span class='ocrx_word' id='word_1_70' title='bbox 1244 924 1438 967; x_wconf 85' lang='lat' dir='ltr'><strong>praecipuus</strong></span> <span class='ocrx_word' id='word_1_71' title='bbox 1452 924 1475 956; x_wconf 86' lang='lat' dir='ltr'>J</span> <span class='ocrx_word' id='word_1_72' title='bbox 1477 936 1602 958; x_wconf 87' lang='lat' dir='ltr'><strong>oannes</strong></span> 
     </span>
     <span class='ocr_line' id='line_1_10' title="bbox 300 991 1604 1041; baseline 0.004 -17"><span class='ocrx_word' id='word_1_73' title='bbox 300 993 341 1024; x_wconf 89' lang='lat' dir='ltr'><strong>de</strong></span> <span class='ocrx_word' id='word_1_74' title='bbox 355 991 463 1031; x_wconf 84' lang='lat' dir='ltr'><strong>Gana,</strong></span> <span class='ocrx_word' id='word_1_75' title='bbox 475 994 534 1036; x_wconf 93' lang='lat' dir='ltr'><strong>qui</strong></span> <span class='ocrx_word' id='word_1_76' title='bbox 552 998 670 1036; x_wconf 88' lang='lat' dir='ltr'><strong>postea</strong></span> <span class='ocrx_word' id='word_1_77' title='bbox 688 996 806 1039; x_wconf 80' lang='lat' dir='ltr'><strong>magni</strong></span> <span class='ocrx_word' id='word_1_78' title='bbox 821 996 1080 1028; x_wconf 84' lang='lat' dir='ltr'><strong>cancellariatus</strong></span> <span class='ocrx_word' id='word_1_79' title='bbox 1096 995 1252 1028; x_wconf 85' lang='lat' dir='ltr'><strong>Franciae</strong></span> <span class='ocrx_word' id='word_1_80' title='bbox 1271 1007 1396 1029; x_wconf 86' lang='lat' dir='ltr'><strong>munus</strong></span> <span class='ocrx_word' id='word_1_81' title='bbox 1415 998 1531 1041; x_wconf 84' lang='lat' dir='ltr'><strong>gessit,</strong></span> <span class='ocrx_word' id='word_1_82' title='bbox 1550 998 1604 1030; x_wconf 87' lang='lat' dir='ltr'><strong>vir</strong></span> 
     </span>
     <span class='ocr_line' id='line_1_11' title="bbox 299 1065 1604 1113; baseline 0.005 -17"><span class='ocrx_word' id='word_1_83' title='bbox 299 1065 389 1097; x_wconf 87' lang='lat' dir='ltr'><strong>inter</strong></span> <span class='ocrx_word' id='word_1_84' title='bbox 408 1065 557 1098; x_wconf 86' lang='lat' dir='ltr'><strong>Francos</strong></span> <span class='ocrx_word' id='word_1_85' title='bbox 580 1071 662 1099; x_wconf 91' lang='lat' dir='ltr'><strong>tunc</strong></span> <span class='ocrx_word' id='word_1_86' title='bbox 682 1068 868 1110; x_wconf 79' lang='lat' dir='ltr'><strong>praecipuae</strong></span> <span class='ocrx_word' id='word_1_87' title='bbox 893 1068 1094 1100; x_wconf 90' lang='lat' dir='ltr'><strong>eruditionis</strong></span> <span class='ocrx_word' id='word_1_88' title='bbox 1117 1073 1150 1100; x_wconf 92' lang='lat' dir='ltr'><strong>et</strong></span> <span class='ocrx_word' id='word_1_89' title='bbox 1173 1069 1397 1102; x_wconf 83' lang='lat' dir='ltr'><strong>auctoritatis.</strong></span> <span class='ocrx_word' id='word_1_90' title='bbox 1450 1069 1604 1113; x_wconf 87' lang='lat' dir='ltr'><strong>Uterque</strong></span> 
     </span>
     <span class='ocr_line' id='line_1_12' title="bbox 299 1137 1602 1183; baseline 0.005 -15"><span class='ocrx_word' id='word_1_91' title='bbox 299 1137 446 1169; x_wconf 86' lang='lat' dir='ltr'><strong>alterum</strong></span> <span class='ocrx_word' id='word_1_92' title='bbox 460 1142 558 1170; x_wconf 85' lang='lat' dir='ltr'><strong>tanta</strong></span> <span class='ocrx_word' id='word_1_93' title='bbox 575 1138 727 1176; x_wconf 84' lang='lat' dir='ltr'><strong>caritate,</strong></span> <span class='ocrx_word' id='word_1_94' title='bbox 752 1143 849 1171; x_wconf 83' lang='lat' dir='ltr'><strong>tanta</strong></span> <span class='ocrx_word' id='word_1_95' title='bbox 867 1140 1126 1178; x_wconf 80' lang='lat' dir='ltr'><strong>necessitudine,</strong></span> <span class='ocrx_word' id='word_1_96' title='bbox 1153 1144 1204 1172; x_wconf 90' lang='lat' dir='ltr'><strong>est</strong></span> <span class='ocrx_word' id='word_1_97' title='bbox 1222 1141 1430 1183; x_wconf 82' lang='lat' dir='ltr'><strong>complexus,</strong></span> <span class='ocrx_word' id='word_1_98' title='bbox 1457 1147 1496 1174; x_wconf 91' lang='lat' dir='ltr'><strong>ut</strong></span> <span class='ocrx_word' id='word_1_99' title='bbox 1514 1153 1602 1175; x_wconf 92' lang='lat' dir='ltr'><strong>nun-</strong></span> 
     </span>
     <span class='ocr_line' id='line_1_13' title="bbox 299 1210 1601 1255; baseline 0.004 -15"><span class='ocrx_word' id='word_1_100' title='bbox 299 1219 402 1250; x_wconf 86' lang='lat' dir='ltr'><strong>quam</strong></span> <span class='ocrx_word' id='word_1_101' title='bbox 429 1213 529 1241; x_wconf 83' lang='lat' dir='ltr'><strong>antea</strong></span> <span class='ocrx_word' id='word_1_102' title='bbox 555 1210 636 1242; x_wconf 87' lang='lat' dir='ltr'><strong>socii</strong></span> <span class='ocrx_word' id='word_1_103' title='bbox 662 1214 723 1243; x_wconf 85' lang='lat' dir='ltr'><strong>aut</strong></span> <span class='ocrx_word' id='word_1_104' title='bbox 748 1210 871 1243; x_wconf 86' lang='lat' dir='ltr'><strong>fratres</strong></span> <span class='ocrx_word' id='word_1_105' title='bbox 898 1212 1045 1255; x_wconf 80' lang='lat' dir='ltr'><strong>majori:</strong></span> <span class='ocrx_word' id='word_1_106' title='bbox 1072 1222 1150 1254; x_wconf 85' lang='lat' dir='ltr'><strong>quae</strong></span> <span class='ocrx_word' id='word_1_107' title='bbox 1173 1212 1311 1255; x_wconf 90' lang='lat' dir='ltr'><strong>utrique</strong></span> <span class='ocrx_word' id='word_1_108' title='bbox 1332 1212 1431 1244; x_wconf 85' lang='lat' dir='ltr'><strong>firma</strong></span> <span class='ocrx_word' id='word_1_109' title='bbox 1455 1213 1497 1245; x_wconf 83' lang='lat' dir='ltr'><strong>ad</strong></span> <span class='ocrx_word' id='word_1_110' title='bbox 1519 1214 1601 1246; x_wconf 74' lang='lat' dir='ltr'><strong>vitae</strong></span> 
     </span>
     <span class='ocr_line' id='line_1_14' title="bbox 298 1280 1603 1326; baseline 0.004 -14"><span class='ocrx_word' id='word_1_111' title='bbox 298 1280 429 1312; x_wconf 87' lang='lat' dir='ltr'><strong>exitum</strong></span> <span class='ocrx_word' id='word_1_112' title='bbox 447 1282 658 1323; x_wconf 83' lang='lat' dir='ltr'><strong>perduravit.</strong></span> <span class='ocrx_word' id='word_1_113' title='bbox 711 1282 847 1314; x_wconf 89' lang='lat' dir='ltr'><strong>Interea</strong></span> <span class='ocrx_word' id='word_1_114' title='bbox 871 1283 915 1314; x_wconf 87' lang='lat' dir='ltr'><strong>ad</strong></span> <span class='ocrx_word' id='word_1_115' title='bbox 936 1284 1050 1316; x_wconf 83' lang='lat' dir='ltr'><strong>natale</strong></span> <span class='ocrx_word' id='word_1_116' title='bbox 1067 1284 1177 1316; x_wconf 87' lang='lat' dir='ltr'><strong>solum</strong></span> <span class='ocrx_word' id='word_1_117' title='bbox 1196 1295 1216 1316; x_wconf 88' lang='lat' dir='ltr'><strong>a</strong></span> <span class='ocrx_word' id='word_1_118' title='bbox 1232 1284 1432 1326; x_wconf 83' lang='lat' dir='ltr'><strong>parentibus</strong></span> <span class='ocrx_word' id='word_1_119' title='bbox 1450 1290 1500 1317; x_wconf 89' lang='lat' dir='ltr'><strong>est</strong></span> <span class='ocrx_word' id='word_1_120' title='bbox 1518 1287 1603 1318; x_wconf 89' lang='lat' dir='ltr'><strong>acci-</strong></span> 
     </span>
     <span class='ocr_line' id='line_1_15' title="bbox 298 1353 1601 1397; baseline 0.005 -14"><span class='ocrx_word' id='word_1_121' title='bbox 298 1356 365 1389; x_wconf 86' lang='lat' dir='ltr'><strong>tus,</strong></span> <span class='ocrx_word' id='word_1_122' title='bbox 383 1356 422 1384; x_wconf 91' lang='lat' dir='ltr'><strong>ut</strong></span> <span class='ocrx_word' id='word_1_123' title='bbox 440 1353 618 1385; x_wconf 85' lang='lat' dir='ltr'><strong>literarum</strong></span> <span class='ocrx_word' id='word_1_124' title='bbox 633 1353 795 1392; x_wconf 87' lang='lat' dir='ltr'><strong>fructum,</strong></span> <span class='ocrx_word' id='word_1_125' title='bbox 814 1354 980 1387; x_wconf 81' lang='lat' dir='ltr'><strong>laboriose</strong></span> <span class='ocrx_word' id='word_1_126' title='bbox 998 1355 1081 1387; x_wconf 85' lang='lat' dir='ltr'><strong>adeo</strong></span> <span class='ocrx_word' id='word_1_127' title='bbox 1099 1359 1248 1397; x_wconf 84' lang='lat' dir='ltr'><strong>partum,</strong></span> <span class='ocrx_word' id='word_1_128' title='bbox 1267 1356 1310 1388; x_wconf 86' lang='lat' dir='ltr'><strong>ad</strong></span> <span class='ocrx_word' id='word_1_129' title='bbox 1328 1355 1470 1388; x_wconf 81' lang='lat' dir='ltr'><strong>familiae</strong></span> <span class='ocrx_word' id='word_1_130' title='bbox 1488 1357 1601 1395; x_wconf 91' lang='lat' dir='ltr'><strong>decus,</strong></span> 
     </span>
     <span class='ocr_line' id='line_1_16' title="bbox 298 1424 1601 1471; baseline 0.004 -16"><span class='ocrx_word' id='word_1_131' title='bbox 298 1428 329 1455; x_wconf 91' lang='lat' dir='ltr'><strong>et</strong></span> <span class='ocrx_word' id='word_1_132' title='bbox 355 1424 397 1455; x_wconf 85' lang='lat' dir='ltr'><strong>ad</strong></span> <span class='ocrx_word' id='word_1_133' title='bbox 421 1424 540 1466; x_wconf 80' lang='lat' dir='ltr'><strong>patriae</strong></span> <span class='ocrx_word' id='word_1_134' title='bbox 564 1425 749 1458; x_wconf 88' lang='lat' dir='ltr'><strong>utilitatem</strong></span> <span class='ocrx_word' id='word_1_135' title='bbox 777 1427 1058 1458; x_wconf 83' lang='lat' dir='ltr'><strong>accommodaret.</strong></span> <span class='ocrx_word' id='word_1_136' title='bbox 1109 1426 1211 1459; x_wconf 93' lang='lat' dir='ltr'><strong>Nono</strong></span> <span class='ocrx_word' id='word_1_137' title='bbox 1240 1427 1357 1469; x_wconf 89' lang='lat' dir='ltr'><strong>itaque</strong></span> <span class='ocrx_word' id='word_1_138' title='bbox 1381 1438 1471 1459; x_wconf 91' lang='lat' dir='ltr'><strong>anno</strong></span> <span class='ocrx_word' id='word_1_139' title='bbox 1497 1439 1601 1471; x_wconf 90' lang='lat' dir='ltr'><strong>quam</strong></span> 
     </span>
     <span class='ocr_line' id='line_1_17' title="bbox 298 1495 1601 1541; baseline 0.005 -15"><span class='ocrx_word' id='word_1_140' title='bbox 298 1495 333 1526; x_wconf 91' lang='lat' dir='ltr'><strong>in</strong></span> <span class='ocrx_word' id='word_1_141' title='bbox 356 1495 507 1531; x_wconf 75' lang='lat' dir='ltr'><strong>¹Galliam</strong></span> <span class='ocrx_word' id='word_1_142' title='bbox 535 1497 726 1540; x_wconf 84' lang='lat' dir='ltr'><strong>trajecerat,</strong></span> <span class='ocrx_word' id='word_1_143' title='bbox 746 1497 953 1530; x_wconf 58' lang='lat' dir='ltr'><strong>lVilhelmus</strong></span> <span class='ocrx_word' id='word_1_144' title='bbox 979 1502 1106 1536; x_wconf 90' lang='lat' dir='ltr'><strong>noster,</strong></span> <span class='ocrx_word' id='word_1_145' title='bbox 1130 1499 1325 1541; x_wconf 86' lang='lat' dir='ltr'><strong>eloquentia</strong></span> <span class='ocrx_word' id='word_1_146' title='bbox 1351 1503 1385 1531; x_wconf 89' lang='lat' dir='ltr'><strong>et</strong></span> <span class='ocrx_word' id='word_1_147' title='bbox 1411 1501 1601 1534; x_wconf 87' lang='lat' dir='ltr'><strong>eruditione</strong></span> 
     </span>
     <span class='ocr_line' id='line_1_18' title="bbox 297 1569 1599 1616; baseline 0.005 -16"><span class='ocrx_word' id='word_1_148' title='bbox 297 1573 450 1606; x_wconf 82' lang='lat' dir='ltr'><strong>ornatus,</strong></span> <span class='ocrx_word' id='word_1_149' title='bbox 468 1569 504 1601; x_wconf 89' lang='lat' dir='ltr'><strong>in</strong></span> <span class='ocrx_word' id='word_1_150' title='bbox 527 1569 676 1602; x_wconf 83' lang='lat' dir='ltr'><strong>Scotiam</strong></span> <span class='ocrx_word' id='word_1_151' title='bbox 702 1581 870 1609; x_wconf 80' lang='lat' dir='ltr'><strong>reversus,</strong></span> <span class='ocrx_word' id='word_1_152' title='bbox 889 1572 931 1603; x_wconf 81' lang='lat' dir='ltr'><strong>ad</strong></span> <span class='ocrx_word' id='word_1_153' title='bbox 950 1571 1198 1615; x_wconf 82' lang='lat' dir='ltr'><strong>Glasguensem</strong></span> <span class='ocrx_word' id='word_1_154' title='bbox 1225 1573 1422 1615; x_wconf 84' lang='lat' dir='ltr'><strong>episcopum</strong></span> <span class='ocrx_word' id='word_1_155' title='bbox 1447 1575 1599 1616; x_wconf 89' lang='lat' dir='ltr'><strong>primum</strong></span> 
     </span>
     <span class='ocr_line' id='line_1_19' title="bbox 297 1640 1600 1688; baseline 0.005 -16"><span class='ocrx_word' id='word_1_156' title='bbox 297 1640 448 1679; x_wconf 87' lang='lat' dir='ltr'><strong>divertit,</strong></span> <span class='ocrx_word' id='word_1_157' title='bbox 475 1642 567 1684; x_wconf 90' lang='lat' dir='ltr'><strong>quod</strong></span> <span class='ocrx_word' id='word_1_158' title='bbox 593 1642 621 1674; x_wconf 92' lang='lat' dir='ltr'><strong>is</strong></span> <span class='ocrx_word' id='word_1_159' title='bbox 645 1643 823 1675; x_wconf 86' lang='lat' dir='ltr'><strong>literarum</strong></span> <span class='ocrx_word' id='word_1_160' title='bbox 851 1643 1135 1687; x_wconf 87' lang='lat' dir='ltr'><strong>literatorumque</strong></span> <span class='ocrx_word' id='word_1_161' title='bbox 1161 1644 1347 1688; x_wconf 84' lang='lat' dir='ltr'><strong>singularis</strong></span> <span class='ocrx_word' id='word_1_162' title='bbox 1373 1649 1460 1678; x_wconf 83' lang='lat' dir='ltr'><strong>esset</strong></span> <span class='ocrx_word' id='word_1_163' title='bbox 1487 1648 1600 1679; x_wconf 84' lang='lat' dir='ltr'><strong>excul-</strong></span> 
     </span>
     <span class='ocr_line' id='line_1_20' title="bbox 297 1714 1598 1759; baseline 0.005 -15"><span class='ocrx_word' id='word_1_164' title='bbox 297 1716 373 1744; x_wconf 87' lang='lat' dir='ltr'><strong>tor:</strong></span> <span class='ocrx_word' id='word_1_165' title='bbox 404 1724 424 1744; x_wconf 88' lang='lat' dir='ltr'><strong>a</strong></span> <span class='ocrx_word' id='word_1_166' title='bbox 449 1724 517 1756; x_wconf 90' lang='lat' dir='ltr'><strong>quo</strong></span> <span class='ocrx_word' id='word_1_167' title='bbox 543 1718 700 1757; x_wconf 89' lang='lat' dir='ltr'><strong>acceptus</strong></span> <span class='ocrx_word' id='word_1_168' title='bbox 727 1714 945 1759; x_wconf 84' lang='lat' dir='ltr'><strong>perbenigne,</strong></span> <span class='ocrx_word' id='word_1_169' title='bbox 972 1726 1099 1759; x_wconf 85' lang='lat' dir='ltr'><strong>magna</strong></span> <span class='ocrx_word' id='word_1_170' title='bbox 1124 1716 1342 1748; x_wconf 86' lang='lat' dir='ltr'><strong>veneratione</strong></span> <span class='ocrx_word' id='word_1_171' title='bbox 1369 1721 1420 1749; x_wconf 90' lang='lat' dir='ltr'><strong>est</strong></span> <span class='ocrx_word' id='word_1_172' title='bbox 1446 1716 1598 1750; x_wconf 85' lang='lat' dir='ltr'><strong>affectus.</strong></span> 
     </span>
     <span class='ocr_line' id='line_1_21' title="bbox 298 1783 1597 1831; baseline 0.004 -15"><span class='ocrx_word' id='word_1_173' title='bbox 298 1783 414 1816; x_wconf 89' lang='lat' dir='ltr'><strong>Dubia</strong></span> <span class='ocrx_word' id='word_1_174' title='bbox 487 1786 593 1817; x_wconf 85' lang='lat' dir='ltr'><strong>aedam</strong></span> <span class='ocrx_word' id='word_1_175' title='bbox 618 1786 727 1818; x_wconf 83' lang='lat' dir='ltr'><strong>ardua</strong></span> <span class='ocrx_word' id='word_1_176' title='bbox 750 1786 915 1829; x_wconf 87' lang='lat' dir='ltr'><strong>pontificii</strong></span> <span class='ocrx_word' id='word_1_177' title='bbox 941 1787 1043 1830; x_wconf 85' lang='lat' dir='ltr'><strong>juris,</strong></span> <span class='ocrx_word' id='word_1_178' title='bbox 1069 1786 1206 1830; x_wconf 82' lang='lat' dir='ltr'><strong>publica</strong></span> <span class='ocrx_word' id='word_1_179' title='bbox 1230 1788 1390 1820; x_wconf 89' lang='lat' dir='ltr'><strong>concione</strong></span> <span class='ocrx_word' id='word_1_180' title='bbox 1410 1790 1597 1831; x_wconf 87' lang='lat' dir='ltr'><strong>proposita,</strong></span> 
     </span>
     <span class='ocr_line' id='line_1_22' title="bbox 296 1857 1600 1901; baseline 0.004 -13"><span class='ocrx_word' id='word_1_181' title='bbox 296 1857 501 1900; x_wconf 84' lang='lat' dir='ltr'><strong>gravissima</strong></span> <span class='ocrx_word' id='word_1_182' title='bbox 525 1861 559 1889; x_wconf 88' lang='lat' dir='ltr'><strong>et</strong></span> <span class='ocrx_word' id='word_1_183' title='bbox 582 1868 687 1900; x_wconf 88' lang='lat' dir='ltr'><strong>prope</strong></span> <span class='ocrx_word' id='word_1_184' title='bbox 708 1862 972 1900; x_wconf 86' lang='lat' dir='ltr'><strong>extemporanea</strong></span> <span class='ocrx_word' id='word_1_185' title='bbox 989 1858 1142 1890; x_wconf 87' lang='lat' dir='ltr'><strong>oratione</strong></span> <span class='ocrx_word' id='word_1_186' title='bbox 1165 1859 1214 1891; x_wconf 87' lang='lat' dir='ltr'><strong>ita</strong></span> <span class='ocrx_word' id='word_1_187' title='bbox 1237 1859 1407 1901; x_wconf 86' lang='lat' dir='ltr'><strong>patefecit,</strong></span> <span class='ocrx_word' id='word_1_188' title='bbox 1431 1865 1472 1893; x_wconf 91' lang='lat' dir='ltr'><strong>ut</strong></span> <span class='ocrx_word' id='word_1_189' title='bbox 1494 1862 1600 1894; x_wconf 83' lang='lat' dir='ltr'><strong>antis-</strong></span> 
     </span>
     <span class='ocr_line' id='line_1_23' title="bbox 296 1928 1599 1973; baseline 0.004 -13"><span class='ocrx_word' id='word_1_190' title='bbox 296 1928 395 1961; x_wconf 89' lang='lat' dir='ltr'><strong>titem</strong></span> <span class='ocrx_word' id='word_1_191' title='bbox 429 1930 533 1961; x_wconf 89' lang='lat' dir='ltr'><strong>simul</strong></span> <span class='ocrx_word' id='word_1_192' title='bbox 566 1934 599 1962; x_wconf 88' lang='lat' dir='ltr'><strong>et</strong></span> <span class='ocrx_word' id='word_1_193' title='bbox 630 1928 877 1973; x_wconf 79' lang='lat' dir='ltr'><strong>Glasguensem</strong></span> <span class='ocrx_word' id='word_1_194' title='bbox 907 1930 1037 1961; x_wconf 90' lang='lat' dir='ltr'><strong>clerum</strong></span> <span class='ocrx_word' id='word_1_195' title='bbox 1070 1930 1105 1962; x_wconf 92' lang='lat' dir='ltr'><strong>in</strong></span> <span class='ocrx_word' id='word_1_196' title='bbox 1141 1930 1403 1963; x_wconf 86' lang='lat' dir='ltr'><strong>admirationem</strong></span> <span class='ocrx_word' id='word_1_197' title='bbox 1437 1931 1599 1965; x_wconf 85' lang='lat' dir='ltr'><strong>traheret.</strong></span> 
     </span>
     <span class='ocr_line' id='line_1_24' title="bbox 298 1999 1598 2045; baseline 0.004 -14"><span class='ocrx_word' id='word_1_198' title='bbox 298 1999 393 2044; x_wconf 82' lang='lat' dir='ltr'><strong>Ergo</strong></span> <span class='ocrx_word' id='word_1_199' title='bbox 423 2001 515 2043; x_wconf 92' lang='lat' dir='ltr'><strong>quod</strong></span> <span class='ocrx_word' id='word_1_200' title='bbox 540 2000 731 2032; x_wconf 88' lang='lat' dir='ltr'><strong>eruditione</strong></span> <span class='ocrx_word' id='word_1_201' title='bbox 763 2001 915 2043; x_wconf 83' lang='lat' dir='ltr'><strong>polleret,</strong></span> <span class='ocrx_word' id='word_1_202' title='bbox 942 2001 1080 2045; x_wconf 88' lang='lat' dir='ltr'><strong>ingenio</strong></span> <span class='ocrx_word' id='word_1_203' title='bbox 1106 2006 1193 2034; x_wconf 85' lang='lat' dir='ltr'><strong>esset</strong></span> <span class='ocrx_word' id='word_1_204' title='bbox 1219 2002 1415 2045; x_wconf 86' lang='lat' dir='ltr'><strong>perspicaci,</strong></span> <span class='ocrx_word' id='word_1_205' title='bbox 1445 2004 1598 2036; x_wconf 86' lang='lat' dir='ltr'><strong>oratione</strong></span> 
     </span>
     <span class='ocr_line' id='line_1_25' title="bbox 297 2072 1597 2117; baseline 0.002 -13"><span class='ocrx_word' id='word_1_206' title='bbox 297 2072 424 2104; x_wconf 84' lang='lat' dir='ltr'><strong>valeret</strong></span> <span class='ocrx_word' id='word_1_207' title='bbox 449 2072 649 2114; x_wconf 89' lang='lat' dir='ltr'><strong>plurimum,</strong></span> <span class='ocrx_word' id='word_1_208' title='bbox 677 2072 899 2116; x_wconf 86' lang='lat' dir='ltr'><strong>Glasguensis</strong></span> <span class='ocrx_word' id='word_1_209' title='bbox 926 2072 1125 2105; x_wconf 87' lang='lat' dir='ltr'><strong>officialatus</strong></span> <span class='ocrx_word' id='word_1_210' title='bbox 1151 2074 1320 2117; x_wconf 85' lang='lat' dir='ltr'><strong>dignitate</strong></span> <span class='ocrx_word' id='word_1_211' title='bbox 1347 2079 1398 2107; x_wconf 87' lang='lat' dir='ltr'><strong>est</strong></span> <span class='ocrx_word' id='word_1_212' title='bbox 1427 2075 1597 2113; x_wconf 81' lang='lat' dir='ltr'><strong>donatus3</strong></span> 
     </span>
     <span class='ocr_line' id='line_1_26' title="bbox 295 2144 1598 2188; baseline 0.002 -13"><span class='ocrx_word' id='word_1_213' title='bbox 295 2154 373 2185; x_wconf 81' lang='lat' dir='ltr'><strong>quae</strong></span> <span class='ocrx_word' id='word_1_214' title='bbox 392 2148 466 2175; x_wconf 91' lang='lat' dir='ltr'><strong>tum</strong></span> <span class='ocrx_word' id='word_1_215' title='bbox 484 2144 696 2187; x_wconf 87' lang='lat' dir='ltr'><strong>amplissima</strong></span> <span class='ocrx_word' id='word_1_216' title='bbox 718 2148 802 2182; x_wconf 87' lang='lat' dir='ltr'><strong>erat,</strong></span> <span class='ocrx_word' id='word_1_217' title='bbox 830 2149 863 2176; x_wconf 93' lang='lat' dir='ltr'><strong>et</strong></span> <span class='ocrx_word' id='word_1_218' title='bbox 889 2155 958 2176; x_wconf 92' lang='lat' dir='ltr'><strong>non</strong></span> <span class='ocrx_word' id='word_1_219' title='bbox 982 2144 1049 2176; x_wconf 92' lang='lat' dir='ltr'><strong>nisi</strong></span> <span class='ocrx_word' id='word_1_220' title='bbox 1077 2145 1316 2178; x_wconf 84' lang='lat' dir='ltr'><strong>eruditissimis</strong></span> <span class='ocrx_word' id='word_1_221' title='bbox 1340 2145 1471 2178; x_wconf 89' lang='lat' dir='ltr'><strong>tributa</strong></span> <span class='ocrx_word' id='word_1_222' title='bbox 1486 2150 1598 2188; x_wconf 90' lang='lat' dir='ltr'><strong>potes-</strong></span> 
     </span>
    </p>
   </div>
   <div class='ocr_carea' id='block_1_3' title="bbox 296 2213 1596 2260">
    <p class='ocr_par' dir='ltr' id='par_1_3' title="bbox 296 2213 1596 2260">
     <span class='ocr_line' id='line_1_27' title="bbox 296 2213 1596 2260; baseline 0.002 -13"><span class='ocrx_word' id='word_1_223' title='bbox 296 2220 357 2247; x_wconf 87' lang='lat' dir='ltr'><strong>tas.</strong></span> <span class='ocrx_word' id='word_1_224' title='bbox 410 2213 510 2248; x_wconf 86' lang='lat' dir='ltr'><strong>Hanc</strong></span> <span class='ocrx_word' id='word_1_225' title='bbox 539 2215 746 2248; x_wconf 83' lang='lat' dir='ltr'><strong>VVilhelmus</strong></span> <span class='ocrx_word' id='word_1_226' title='bbox 780 2215 869 2248; x_wconf 84' lang='lat' dir='ltr'><strong>mira</strong></span> <span class='ocrx_word' id='word_1_227' title='bbox 902 2216 1105 2249; x_wconf 86' lang='lat' dir='ltr'><strong>dexteritate</strong></span> <span class='ocrx_word' id='word_1_228' title='bbox 1140 2217 1416 2255; x_wconf 87' lang='lat' dir='ltr'><strong>administravit;</strong></span> <span class='ocrx_word' id='word_1_229' title='bbox 1447 2217 1596 2260; x_wconf 71' lang='lat' dir='ltr'><strong>justitiae</strong></span> 
     </span>
    </p>
   </div>
  </div>
 </body>
</html>
