1955 2807
678 283 1006 315 EPISCOPORUM
1030 281 1157 312 VITAE.
1528 284 1568 312 39

273 394 521 438 Glasguensem
548 393 785 436 pontificatum
810 392 932 426 fuisset
960 393 1148 425 traductus.
1199 390 1270 424 Sub
1296 390 1330 423 id
1356 394 1492 433 tempus
1518 400 1571 423 res
1590 394 1688 427 AD.
1712 395 1812 425 1484.

270 465 412 499 Scoticae
430 465 595 498 intestina
618 465 784 498 seditione
805 465 930 509 jactari
951 468 1138 507 coeperunt.
1189 463 1382 496 Gerebatur
1404 467 1480 496 tum
1502 463 1571 496 bel-

271 538 342 570 lum
361 538 451 570 inter
469 537 674 570 Eduardum
691 536 888 580 Anglorum
906 546 1022 580 regem
1040 540 1075 568 et
1091 535 1114 568 J
1116 535 1259 569 acobum
1280 535 1449 568 Tertium.
1501 534 1572 567 Ed-

271 609 378 642 uardo
395 610 431 641 in
449 609 599 642 Scotiam
616 618 744 651 magno
768 617 845 640 cum
870 608 1022 640 exercitu
1047 609 1277 646 contendenti,
1295 607 1493 641 Alexander
1510 608 1572 641 Al-

268 681 376 713 baniae
403 681 486 718 dux,
512 680 622 712 hostis
647 690 668 712 a
692 690 772 724 rege
794 679 981 724 judicatus,
1000 680 1070 712 suis
1089 690 1167 711 cum
1185 680 1290 722 copiis
1309 684 1359 711 est
1377 680 1570 723 adjunctus.

271 752 365 786 Huic
383 752 563 785 Scotorum
581 752 772 795 complures
796 751 969 790 favebant,
994 751 1119 795 quibus
1142 750 1262 783 Jacobi
1288 751 1473 794 imperium
1499 758 1571 784 erat

268 825 436 862 odiosum,
447 825 538 867 quod
548 824 765 867 quorundam
776 821 828 864 (ut
837 822 1024 867 ferebatur)
1035 823 1189 856 obscurae
1201 824 1354 867 originis,
1367 834 1452 866 quos
1466 834 1573 856 secre-

267 897 347 929 tiori
373 897 575 929 admoverat
592 896 744 933 consilio,
770 896 807 928 in
827 895 964 938 publica
987 895 1285 928 administratione
1306 896 1478 928 sententia
1499 900 1574 929 ute-

268 968 379 1000 batur.
431 967 681 1011 Spectabatque
702 967 777 1011 jam
799 978 853 1000 res
872 966 1209 1009 (excandescentibus
1227 967 1447 1011 primatibus)
1467 979 1572 1011 prope

268 1040 311 1071 ad
329 1039 563 1072 defectionem.
601 1039 703 1072 Unde
722 1039 892 1078 effectum,
910 1043 951 1072 ut
966 1050 1095 1083 regem,
1112 1050 1256 1083 magnas
1275 1041 1388 1082 copias
1407 1040 1573 1073 Eduardo

271 1112 409 1144 obviam
426 1112 463 1143 in
480 1110 647 1155 Angliam
665 1111 857 1149 ducentem,
883 1110 1051 1153 primores
1069 1111 1370 1150 circumsisterent,
1394 1113 1500 1145 donec
1519 1111 1572 1154 (ut

270 1184 365 1225 prius
383 1187 456 1215 erat
474 1183 720 1225 consultatum)
739 1183 963 1226 apparitores,
989 1182 1114 1225 quibus
1136 1183 1315 1227 negotium
1336 1188 1410 1216 erat
1431 1186 1574 1227 permis-

266 1266 354 1293 sum,
372 1254 533 1293 nefarios,
551 1265 699 1298 quorum
717 1255 857 1287 sinistro
875 1255 1016 1287 consilio
1037 1255 1215 1298 complura
1232 1255 1449 1288 incommoda
1470 1257 1572 1289 multi

265 1327 404 1359 fuerant
423 1327 586 1372 perpessi,
604 1326 754 1359 fortunis
772 1326 931 1360 omnibus
953 1331 1075 1360 exutos
1096 1331 1130 1360 et
1147 1332 1264 1370 raptos
1289 1328 1332 1360 ad
1354 1328 1572 1371 supplicium,

267 1399 396 1441 laqueis
414 1399 522 1431 vitam
540 1398 638 1431 finire
655 1399 854 1443 coegissent.

318 1542 376 1574 Ad
393 1546 551 1574 nostrum
570 1542 671 1574 redeo
689 1541 900 1575 institutum.
938 1543 1101 1581 Roberto,
1127 1554 1195 1587 quo
1216 1544 1368 1577 diximus
1390 1545 1503 1584 modo,
1529 1547 1573 1579 ad

269 1613 433 1647 celebrem
456 1613 705 1658 Glasguensem
723 1615 897 1648 ecclesiam
916 1616 1084 1654 traducto,
1110 1616 1145 1648 in
1169 1616 1244 1660 ejus
1264 1617 1377 1649 locum
1404 1628 1474 1650 non
1501 1623 1573 1651 tam

266 1686 421 1719 omnium
443 1697 610 1719 consensu
634 1697 739 1729 quam
757 1687 924 1720 desiderio
942 1687 1253 1721 WILHELMUS
1270 1687 1574 1722 ELPHINSTO·

267 1757 364 1790 NUS
381 1758 544 1791 suffectus
569 1762 620 1790 est
637 1767 644 1790 :
670 1758 775 1791 homo
799 1757 904 1802 (quod
925 1759 998 1792 sine
1016 1760 1148 1792 invidia
1168 1760 1246 1793 licet
1269 1760 1394 1799 dicere)
1415 1761 1572 1794 omnium

267 1830 327 1872 qui
344 1835 462 1863 nostro
480 1829 623 1863 fuerunt
641 1835 794 1874 tempore
811 1831 1099 1873 prudentissimus
1115 1844 1122 1864 :
1149 1833 1247 1876 cujus
1265 1832 1338 1865 vita
1359 1834 1498 1866 tametsi
1515 1844 1574 1866 ru-

268 1902 355 1934 diori
382 1902 473 1945 stylo
494 1913 599 1945 quam
619 1907 718 1935 tanta
735 1913 788 1935 res
806 1908 977 1946 exposcat,
994 1903 1139 1937 fideliter
1156 1909 1272 1937 tamen
1295 1915 1456 1948 exequar,
1479 1907 1572 1949 quod

271 1974 335 2006 viri
361 1973 511 2007 actiones
535 1973 642 2006 ferme
667 1985 796 2014 omnes,
820 1980 854 2008 et
879 1975 1028 2009 urbanas
1054 1981 1089 2009 et
1106 1977 1293 2021 religiosas,
1311 1977 1438 2010 nostris
1465 1978 1571 2010 oculis

272 2056 386 2079 coram
405 2046 533 2089 positas
551 2045 747 2079 habuimus.
789 2046 950 2080 Vidimus
969 2048 1156 2088 hominem,
1174 2060 1276 2092 quem
1295 2050 1432 2088 vidisse,
1455 2050 1574 2094 singu-

270 2119 376 2150 larem
394 2117 438 2151 ob
455 2118 702 2161 praestantiam,
726 2122 760 2151 et
782 2118 880 2151 nobis
897 2120 1098 2163 gaudemus,
1125 2125 1158 2153 et
1176 2120 1250 2153 Deo
1268 2121 1399 2164 optimo
1419 2122 1572 2155 maximo

270 2200 339 2222 non
351 2190 511 2234 vulgares
524 2189 690 2222 habemus
704 2190 920 2234 agimusque,
938 2195 972 2223 et
986 2191 1187 2225 habebimus
1201 2197 1304 2235 atque
1317 2203 1470 2237 agemus,
1487 2194 1570 2226 dum
