1955 2807
703 328 1033 360 EPISCOPORUM
1056 328 1184 358 VITAE.
1560 331 1593 357 51

294 437 430 481 litabat)
449 437 696 481 Scotorumque
720 438 817 482 regni
844 439 953 470 salute
978 441 1132 481 rogasset
1154 436 1447 481 cognovissetque,
1471 436 1519 468 eis
1546 447 1597 468 re-

293 509 493 548 ferentibus,
517 509 538 541 J
542 509 685 542 acobum
703 509 920 546 incolumem,
944 519 1089 552 reguum
1108 509 1137 540 ei
1156 508 1300 540 feliciter
1317 507 1520 546 stabilitum,
1539 519 1598 551 ga-

292 582 386 613 visus
420 581 610 624 plurimum
643 584 745 622 atque
774 580 981 623 gratulatus,
1008 579 1203 611 concionem
1233 580 1346 611 solvit.
1398 579 1494 622 Ipsos
1523 590 1597 612 ora-

291 658 392 691 tores,
422 653 454 685 in
490 652 620 696 regiam
650 652 818 690 inductos,
853 651 1059 694 affectosque
1086 652 1182 682 vario
1210 651 1350 683 honoris
1379 662 1513 694 genere,
1546 663 1599 683 re-

288 724 423 768 galibus
452 724 606 756 admovit
630 724 808 756 conviviis.
860 723 1031 756 Postridie
1058 723 1272 755 Francorum
1297 727 1436 765 patrum
1460 724 1596 766 publico

287 795 431 834 decreto,
463 796 585 840 legatis
611 807 653 828 ex
679 796 850 828 sententia
879 806 1108 838 responsum:
1144 796 1279 839 magnis
1309 795 1388 827 inde
1413 796 1508 839 regia
1534 807 1596 838 pro

287 868 456 911 dignitate
478 868 595 900 donati
617 867 818 899 muneribus
841 867 973 899 dimissi
993 878 1014 899 a
1031 867 1215 905 Lodovico‚
1240 867 1275 899 in
1297 867 1445 909 patriam
1463 868 1594 910 aliquot

288 943 366 981 post
395 949 528 971 menses
557 943 638 971 sunt
666 939 805 971 reversi.
857 938 1051 971 Defunctus
1081 938 1144 971 hoc
1173 944 1272 981 pacto
1299 939 1481 983 legatione,
1507 939 1596 972 Wil-

287 1010 432 1049 helmus,
450 1010 493 1043 ob
510 1022 563 1043 res
581 1010 725 1043 feliciter
746 1015 871 1055 gestas,
896 1011 968 1054 regi
993 1011 1103 1042 carior
1125 1010 1246 1048 factus,
1273 1010 1365 1043 haud
1389 1012 1499 1044 multo
1517 1018 1594 1054 post

286 1087 439 1125 tempore
458 1082 650 1120 Rossensis,
668 1082 741 1124 ipse
758 1092 930 1120 recusans,
949 1082 1143 1114 declaratur
1161 1083 1349 1124 episcopus.
1377 1082 1534 1126 Cumque
1552 1081 1594 1116 ab

285 1154 402 1186 amicis
428 1154 663 1196 increparetur
690 1153 783 1196 quod
810 1153 1035 1196 episcopalem
1062 1158 1252 1186 recusasset
1277 1154 1494 1197 dignitatem,
1513 1135 1593 1187 Non

285 1223 424 1268 (inquit)
445 1225 579 1258 Rossiae
605 1225 700 1258 sedes
726 1224 824 1258 nobis
851 1224 981 1263 futura,
1000 1225 1059 1257 sed
1085 1225 1144 1257 ubi
1170 1225 1237 1257 Dei
1261 1226 1420 1269 genetrix
1446 1231 1593 1268 patrona

285 1297 390 1329 deave
416 1298 598 1336 tutelaris;
633 1298 677 1330 ad
702 1297 737 1330 id
762 1298 854 1340 quod
884 1308 969 1340 puer
998 1308 1059 1339 per
1086 1298 1237 1340 quietem
1264 1298 1398 1330 viderat
1427 1299 1592 1331 alludens.

286 1369 475 1402 Adhibitus
503 1374 555 1401 est
582 1370 705 1401 exinde
735 1370 826 1413 regis
853 1369 1092 1401 secretioribus
1120 1369 1281 1407 consiliis,
1302 1369 1538 1412 creditumque
1562 1371 1592 1402 ei

286 1441 368 1473 adeo
399 1445 437 1473 ut
465 1441 539 1484 ejus
573 1441 734 1483 auspiciis
764 1445 867 1483 atque
895 1441 1066 1473 sententia
1095 1451 1181 1483 pene
1209 1441 1326 1473 omnia
1352 1441 1450 1485 regni
1480 1442 1592 1486 magis

283 1513 391 1544 ardua
424 1512 564 1557 negotia
597 1516 838 1545 tractarentur.
891 1512 1048 1555 Cumque
1084 1512 1138 1544 his
1173 1511 1274 1544 rebus
1309 1512 1508 1545 redderetur
1542 1513 1592 1546 fa-

284 1584 450 1616 miliarior
475 1584 559 1628 regi,
585 1584 694 1617 suasit
720 1584 861 1616 libidine
886 1584 1074 1616 abstineret
1100 1588 1134 1616 et
1159 1584 1316 1622 avaritia,
1343 1585 1469 1627 quibus
1495 1586 1590 1618 nulla

282 1656 460 1698 capitalior
488 1656 593 1698 pestis
625 1655 765 1700 regibus
792 1656 896 1694 data;
935 1660 1114 1698 raptorum
1142 1657 1377 1700 grassantium
1404 1667 1466 1699 per
1488 1668 1589 1701 agros

282 1727 635 1770 depopulatorumque
652 1732 782 1760 arceret
801 1728 872 1760 vim
891 1726 958 1768 (his
979 1728 1071 1760 enim
1090 1731 1164 1760 tum
1183 1727 1293 1761 bellici
1321 1729 1492 1761 tumultus
1511 1730 1589 1762 reli-

281 1799 370 1842 quiis
388 1800 483 1843 regio
501 1799 708 1838 exundabat,
726 1799 878 1832 maximo
896 1800 1052 1832 omnium
1070 1800 1321 1842 incommod0);
1340 1801 1424 1833 satis
1437 1801 1481 1833 ad
1499 1803 1589 1846 regi-

282 1881 342 1902 um
360 1871 574 1912 splendorem
590 1871 777 1903 conducere
790 1871 883 1914 quod
901 1871 1142 1914 Margaritam,
1156 1872 1383 1905 castissimam
1398 1872 1586 1911 foeminam,

281 1941 419 1986 regibus
437 1947 653 1985 prognatam,
675 1942 868 1975 foecundam
886 1944 981 1985 prole
1000 1941 1083 1983 (tres
1101 1944 1194 1976 enim
1211 1943 1298 1976 filios
1317 1954 1359 1976 ex
1376 1955 1416 1976 ea
1432 1955 1586 1987 suscepe-

280 2015 347 2056 rat)
362 2024 422 2045 rex
440 2024 502 2055 pro
515 2014 660 2057 genialis
675 2013 764 2046 thori
780 2018 936 2046 consorte
954 2014 1105 2047 haberet.
1146 2014 1300 2047 Barones
1315 2026 1396 2047 vero
1407 2014 1468 2055 (sic
1482 2017 1584 2058 primi

280 2085 428 2117 nominis
460 2089 597 2117 auratos
628 2095 790 2117 vocamus
816 2086 961 2128 equites)
992 2085 1141 2118 fortunis
1169 2087 1360 2129 opulentOS,
1397 2087 1456 2130 qui
1491 2088 1582 2120 domi

278 2161 311 2189 et
328 2156 463 2188 militiae
480 2156 678 2198 reipublicae
705 2157 852 2200 negotiis
879 2161 1018 2199 possent
1043 2157 1239 2202 suffragari,
1265 2159 1408 2201 proinde
1434 2159 1582 2201 plebeios

279 2228 371 2260 omni
389 2227 432 2260 ab
450 2228 578 2271 injuria
595 2232 779 2266 tutaretur,
800 2228 877 2271 pius
896 2228 932 2260 in
949 2229 1050 2261 deum
1070 2229 1213 2268 viveret,
1240 2230 1431 2263 clementiae
1449 2241 1583 2274 semper
