1955 2807
952 413 997 446 89

327 565 471 592 Dominus
488 562 720 591 Gunflssmms
737 560 1012 594 EmnNsman,
1030 559 1245 589 ΑΙιενιΙοηεηεὶθ1
1261 560 1437 597 Episcopus,
1459 562 1485 586 er
1502 558 1626 595 Colleyii

379 629 621 657 &scolasticorum
642 627 702 655 illic
718 626 871 655 Instilntor
886 635 922 654 ac
938 625 1100 659 Patronuss
1121 625 1280 663 Colleoimn
1296 635 1380 654 suum
1395 624 1563 663 alloquitur.

493 699 624 738 Pallaid'ii
640 707 724 743 socii,
741 707 854 747 quibus
870 707 925 736 has
942 705 1114 746 legavimus
1130 705 1222 741 aedes,

535 774 686 803 Extarent
701 772 797 802 animi
813 782 882 813 quae
898 776 1103 802 monumenta
1119 771 1191 807 mei,

491 840 555 869 Vos
571 839 652 869 colui
669 839 787 874 fimens,
804 838 886 868 inter
902 848 956 867 vos
972 848 1060 867 mens
1076 848 1145 867 mea
1160 837 1246 873 vixit,

532 906 594 935 Vos
610 916 718 935 carum
734 904 808 934 duxi
824 914 944 944 semper
960 903 1074 933 habere
1090 913 1192 937 meos;

491 972 531 1001 Et
549 971 676 1001 memini
693 971 788 1000 vestri
805 970 923 1005 vivens,
941 974 1009 1009 post
1026 968 1150 1008 fataque
1165 968 1244 998 dura

534 1038 751 1067 Immemorem
767 1035 863 1066 vestri
878 1035 1006 1065 reddere
1023 1034 1123 1064 Parca
1138 1033 1255 1073 nequit.

491 1104 532 1133 Et
548 1114 586 1133 ne
601 1102 720 1142 aliquid
735 1101 835 1131 nostri
851 1105 991 1130 vestrum
1007 1099 1161 1130 desideret
1176 1098 1270 1134 ullus,

534 1168 625 1197 Hanc
640 1167 778 1197 animam
794 1167 825 1196 in
842 1166 936 1201 caelis,
953 1176 1023 1195 ossa
1038 1165 1151 1195 tenetis
1167 1164 1263 1194 humi.

491 1233 554 1268 Qui
570 1238 751 1262 nostrorum
766 1232 864 1271 igitur
880 1230 938 1260 soli
954 1230 1053 1259 nostri
1069 1229 1247 1264 remanetis,

532 1300 584 1329 Sic
601 1309 770 1329 memorem
786 1297 881 1327 vestri
898 1308 946 1326 me
963 1296 1120 1326 redamate
1136 1300 1266 1335 patrem.

798 1393 966 1431 Respondet
983 1392 1153 1429 Colleyium.

493 1469 593 1497 Grata
608 1467 733 1507 quidem
749 1466 838 1496 uobis
854 1476 975 1506 semper
990 1469 1045 1494 tua
1060 1464 1142 1494 dona
1157 1464 1295 1499 fuerunt,

533 1533 662 1562 Gratim·
677 1538 708 1562 at
724 1532 841 1568 vultus,
859 1542 971 1572 magne
988 1530 1179 1565 Guilhelme,
1197 1536 1279 1559 tuus.

491 1599 524 1628 si
540 1610 629 1639 prece
645 1598 694 1627 vel
710 1597 809 1638 pretio
826 1597 897 1627 vitae
914 1595 1097 1626 revocabilis
1113 1606 1205 1631 esses,

531 1665 575 1694 Te
591 1668 714 1694 revocet
730 1663 794 1692 w'ta
810 1673 893 1692 nunc
910 1662 969 1692 sibi
984 1661 1113 1702 quisque
1132 1672 1195 1690 sua.

490 1730 551 1760 Sed
566 1730 638 1769 quia
655 1740 745 1759 nemo
762 1734 863 1769 potest
879 1726 1017 1757 crudelia
1034 1726 1097 1756 sata
1112 1737 1246 1761 movere,

533 1795 669 1825 Assiduo
685 1805 741 1835 pro
757 1801 787 1824 te
802 1800 875 1823 vota
890 1803 1057 1834 precesque
1073 1792 1192 1822 damus.

524 1891 543 1920 J
548 1900 679 1920 oANNEs
696 1890 789 1919 VAUS
805 1891 836 1919 in
852 1890 988 1919 Laudem
1003 1889 1091 1927 hujus
1109 1887 1217 1926 Operis
1231 1892 1259 1916 et
1272 1887 1419 1916 Auctoris.

490 1964 524 1993 Si
540 1974 601 2003 qua
616 1968 720 1993 manet
735 1968 839 2003 gratos
854 1963 975 1993 animos
990 1962 1147 2002 librosque
1163 1961 1294 1991 disertos

530 2029 650 2065 Gloria,
667 2029 693 2058 si
708 2028 834 2069 prodest
849 2033 1013 2058 stemmata
1029 2038 1119 2057 nosse
1134 2031 1268 2067 patrum,

490 2095 586 2125 Parta
602 2095 658 2125 tibi
674 2100 729 2131 est,
748 2094 866 2124 Hector
882 2093 994 2129 Boeoti,
1011 2092 1111 2132 gloria
1121 2091 1217 2132 jugis,

532 2161 605 2191 Uno
621 2161 672 2200 qui
689 2160 768 2190 libro
784 2164 830 2189 tot
846 2160 923 2189 bene
939 2163 1026 2199 gesta
1042 2157 1148 2188 refers.

486 2227 571 2266 Ergo
587 2226 796 2256 Abberdoniae
812 2225 887 2255 dum
903 2224 989 2254 sedes
1005 2223 1099 2253 stabit
1115 2228 1145 2253 et
1160 2233 1233 2258 arae,

529 2293 613 2322 Pons
629 2299 659 2323 et
675 2292 885 2333 gymnasium,
902 2290 1004 2320 nobile
1020 2289 1115 2319 stabit
1130 2299 1217 2329 opus.

911 2347 1029 2390 Τέλος.

959 2429 989 2452 M
