1955 2807
331 284 371 311 64
788 278 1184 310 ABERDONENSIUM

332 395 390 423 tus
406 399 414 428 ;
440 399 531 422 nunc
548 388 810 431 praedicatorum
828 386 976 419 fratrum
995 386 1088 419 intra
1101 385 1282 418 Scotorum
1299 395 1446 429 regnum
1464 397 1638 421 summum

335 459 450 504 (quem
469 460 756 503 provincialatum
774 458 907 503 dicunt)
926 459 999 503 agit
1016 458 1261 503 magistratum
1276 469 1282 489 :
1305 457 1334 490 is
1352 458 1409 500 pio
1427 462 1460 490 et
1481 459 1640 503 religioso

336 534 451 565 animo
469 532 617 574 exempli
634 532 747 564 locum
764 535 917 564 meretur
941 531 1032 563 inter
1052 531 1180 574 primos
1205 530 1258 562 sui
1282 529 1444 562 instituti.
1496 529 1642 575 Indigne

336 604 505 647 siquidem
528 603 642 636 ferens
665 613 797 636 sacram
820 603 1087 646 praedicatorum
1110 602 1311 646 religionem
1338 602 1527 645 neglectam
1551 602 1642 635 inter

335 680 470 709 nostros
496 676 580 708 adeo
600 680 641 708 ut
660 686 746 719 pene
767 675 979 718 contemptui
998 675 1148 712 daretur,
1178 684 1247 706 non
1272 673 1377 706 maris
1395 674 1547 716 pericula
1563 674 1643 706 hor-

335 758 424 786 rens,
442 758 512 780 non
530 748 735 780 aemulorum
753 747 935 785 saevitiam,
959 746 1081 784 minas,
1100 745 1256 789 injurias,
1282 756 1352 778 non
1369 745 1554 784 laboribus,
1572 757 1641 778 non

336 820 469 863 corpori
487 830 639 862 parcens,
657 819 780 851 duram
799 818 983 850 admodum
998 817 1136 849 subiens
1150 817 1363 859 provinciam
1381 822 1421 850 ut
1438 817 1642 851 labefactata

336 896 564 934 repararetur,
588 891 724 934 magnis
747 894 781 922 et
804 889 1060 922 incredibilibus
1078 889 1229 922 obtinuit
1246 889 1441 928 laboribus3
1469 890 1643 923 effectum-

336 973 402 1005 que
419 968 459 995 ut
477 973 570 994 nunc
582 962 719 1000 eruditi,
730 962 790 1004 pii,
807 966 841 994 et
859 961 1021 1005 religiosi,
1038 961 1098 1004 qui
1117 971 1229 993 sacras
1248 961 1364 993 literas
1379 966 1551 1000 enarrant,
1565 973 1643 1005 pro-

335 1034 487 1072 fitentur,
506 1034 763 1071 concionantur,
782 1034 873 1066 illius
892 1033 1043 1065 instituti
1062 1033 1128 1065 viri
1146 1033 1342 1076 frequentes
1360 1033 1450 1065 inter
1467 1044 1529 1066 nos
1549 1044 1644 1076 repe-

335 1107 493 1139 riantur:
519 1117 598 1149 quae
622 1106 738 1138 omnia
754 1105 899 1137 Joannis
924 1105 990 1147 piis
1015 1105 1197 1137 sudoribus
1218 1105 1289 1136 ulla
1312 1105 1386 1137 sine
1410 1105 1643 1137 controversia

336 1182 473 1221 accepta
490 1182 571 1210 sunt
588 1177 737 1209 ferenda.
779 1176 836 1209 Ad
856 1176 931 1208 haec
948 1175 1127 1208 Wilhelmi
1146 1176 1342 1213 auctoritas,
1362 1176 1421 1218 qui
1440 1181 1473 1208 et
1491 1177 1584 1208 domi
1605 1181 1639 1209 et

335 1248 418 1282 foris
435 1249 624 1293 plurimum
638 1249 763 1292 potuit,
782 1248 875 1280 haud
893 1258 1016 1291 parum
1031 1248 1208 1280 conduxit.
1235 1247 1309 1279 Hos
1327 1247 1583 1279 nominavimus
1602 1253 1642 1280 ut

336 1322 527 1365 praecipuos
553 1321 612 1363 qui
638 1319 877 1353 Aberdonensi
903 1330 921 1351 e
946 1319 1062 1351 schola
1087 1319 1252 1361 prodiere.
1300 1318 1399 1350 Alios
1424 1318 1518 1350 haud
1546 1319 1643 1363 igno-

338 1403 418 1426 rans
437 1397 573 1425 transeo
588 1402 597 1430 3
625 1392 741 1434 plures
759 1391 850 1423 enim
872 1394 953 1422 sunt
971 1401 1075 1433 quam
1096 1389 1151 1422 hic
1168 1390 1272 1428 locus,
1299 1394 1338 1422 ut
1356 1394 1569 1428 enarrentur,
1587 1401 1644 1422 ex-

340 1466 477 1510 poscit;
508 1469 540 1497 et
567 1465 611 1496 ad
635 1464 836 1496 institutum
863 1463 973 1495 redeo.
1023 1461 1231 1494 wilhelmus
1258 1461 1366 1494 initiis
1386 1460 1642 1494 Aberdonensis

340 1537 446 1570 studii
473 1537 670 1574 delectatus,
696 1546 765 1578 quo
790 1545 844 1567 res
868 1534 1001 1567 firmius
1027 1533 1250 1572 stabiliretur,
1276 1534 1457 1577 collegium
1480 1534 1643 1571 condidit,

342 1620 428 1652 opus
458 1608 681 1641 aedificiorum
711 1612 837 1640 ornatu
865 1610 900 1639 et
929 1606 1155 1649 amplitudine
1184 1605 1406 1650 magnificum
1436 1610 1469 1638 et
1498 1606 1642 1650 dignum

342 1682 433 1725 quod
451 1681 544 1713 fama
561 1691 695 1723 semper
711 1681 883 1723 loquatur.
914 1677 956 1711 In
974 1689 1013 1711 eo
1031 1679 1210 1720 templum,
1228 1677 1422 1710 tabulatum
1440 1678 1547 1720 polito
1561 1688 1644 1719 qua-

343 1753 508 1795 dratoque
525 1752 648 1795 lapide,
670 1751 819 1789 vitrinis,
842 1751 1025 1788 caelaturis,
1049 1750 1139 1782 sellis
1161 1750 1203 1781 ad
1225 1749 1450 1787 sacerdotum,
1474 1748 1643 1781 subselliis

343 1826 386 1858 ad
399 1836 585 1868 puerorum
599 1835 712 1862 usum,
729 1824 817 1856 mira
834 1828 907 1855 arte
921 1822 1107 1860 fabricatis,
1122 1821 1322 1854 marmoreis
1338 1821 1503 1853 altaribus
1515 1825 1549 1853 ct
1560 1821 1645 1853 iina-

342 1897 480 1942 ginibus
498 1897 669 1934 divorum,
688 1895 814 1928 tabulis
832 1899 866 1927 et
883 1894 1051 1926 statuaria
1068 1898 1102 1926 et
1119 1893 1264 1936 pictoria
1281 1897 1354 1925 arte
1373 1893 1513 1930 auratis,
1531 1892 1644 1925 cathe-

345 1970 416 2002 dris
442 1969 557 2007 aeneis,
585 1968 716 2005 aulaeis,
743 1966 926 2010 tapetibus,
952 1965 1077 2008 quibus
1104 1965 1250 2008 parietes
1278 1969 1381 2008 atque
1408 1964 1643 2007 pavimentum

347 2041 400 2081 (ut
417 2042 533 2074 omnia
550 2040 772 2073 honoratiora
789 2038 1007 2082 apparerent)
1025 2040 1270 2075 sternerentur,
1293 2037 1427 2079 aliaque
1445 2036 1554 2069 multa
1570 2046 1646 2078 pre-

342 2115 430 2147 tiosa
458 2112 659 2157 supellectili
684 2110 864 2156 magnifice
889 2110 1096 2142 decoratum.
1148 2107 1285 2151 Templi
1315 2111 1467 2145 ornatus,
1495 2117 1641 2149 quorum

341 2196 424 2218 usus
441 2186 478 2218 in
495 2185 610 2224 sacris,
628 2195 670 2217 ex
688 2194 772 2217 auro
789 2182 913 2221 textili,
937 2181 1131 2225 quindecim
1151 2184 1262 2213 vestes
1283 2190 1388 2212 sacrae
1406 2189 1491 2222 quas
1509 2188 1643 2221 cappas,
