1955 2807
95 1348 192 1380 A.D.
213 1345 316 1380 1163.

341 235 358 261 6
789 233 1183 264 ABERDONENSIUM

381 339 464 372 Post
476 339 669 373 Nectanum
682 340 962 379 EDUARDUS,
976 342 1131 373 doctrina
1145 342 1368 374 ecclesiastica
1381 344 1573 385 praesertim
1587 344 1638 375 in-

331 411 449 455 signis,
463 412 618 454 pontifex
635 411 890 444 Aberdonensis
908 413 1063 444 omnium
1081 423 1246 445 consensu
1258 413 1460 447 decernitur.
1504 414 1538 447 Is
1551 415 1638 446 Mal-

332 484 440 516 colmo
453 482 615 516 familiari
633 489 705 516 erat
723 484 759 516 in
772 494 838 516 usu
856 495 953 516 suam
972 485 1181 528 singularem
1195 484 1238 517 ob
1252 486 1518 517 continentiam:
1535 496 1639 528 quam

331 559 365 587 et
387 566 447 587 rex
470 555 542 597 ipse
560 555 609 586 ita
625 555 773 587 excoluit
791 559 824 587 et
845 555 996 588 servavit
1014 556 1057 588 ad
1075 556 1157 588 vitae
1175 556 1316 594 exitum,
1335 561 1374 588 ut
1391 556 1547 600 Virginis
1565 567 1642 600 cog-

334 637 458 658 nomen
479 627 559 669 jure
581 627 699 659 tulerit
721 627 764 658 ad
781 631 944 669 posteros.
996 626 1105 659 Avita
1130 628 1220 660 dona
1237 627 1475 660 Aberdonensi
1493 629 1640 660 ecclesiae

335 702 448 730 castus
473 709 534 730 rex
561 697 766 730 Malcolmus
790 697 951 736 firmavit,
975 699 1143 730 nonnulla
1168 699 1412 741 superaddidit.
1457 698 1641 731 Eduardus

333 780 414 802 vero
432 770 599 813 regularis
615 770 697 802 vitae
715 769 806 802 viros
835 769 933 812 (quos
952 770 1089 801 vocavit
1107 768 1310 813 Canonicos)
1330 770 1436 802 veluti
1454 770 1641 802 confratres

332 842 376 874 ad
393 842 511 873 divina
528 851 606 873 cum
623 841 799 873 sacellanis
817 841 1015 883 exequenda
1034 840 1166 882 primus
1184 841 1339 873 omnium
1357 841 1393 873 in
1404 840 1641 874 Aberdonensi

332 913 471 945 ecclesia
497 912 658 944 instituit.
710 912 806 944 Obiit
829 911 908 944 inde
932 915 1077 944 mortem
1103 915 1327 954 posteaquam
1351 913 1509 945 undecim
1535 923 1642 945 annos

334 996 460 1018 munus
477 989 630 1029 gesserat
647 983 870 1027 pontificium.

384 1129 490 1162 Haud
511 1130 621 1162 multo
641 1133 718 1172 post
742 1127 1031 1161 MATTHAEUS
1055 1128 1170 1160 Sancti
1191 1126 1342 1160 Andreae
1360 1126 1643 1166 Archidiaconus,

336 1203 429 1234 omni
455 1202 538 1240 vita,
561 1201 724 1245 religione
748 1204 782 1232 et
805 1200 960 1232 doctrina
983 1200 1141 1244 insignis,
1164 1198 1445 1231 Aberdonensem
1469 1200 1644 1242 pontifica-

336 1278 411 1306 tum
435 1277 486 1305 est
512 1273 666 1315 adeptus,
693 1272 867 1304 Malcolmi
893 1272 982 1315 regis
1006 1270 1117 1315 (eujus
1140 1271 1243 1314 paulo
1269 1275 1348 1303 ante
1372 1272 1580 1304 mentionem
1598 1271 1646 1304 fe-

334 1346 457 1389 cimus)
476 1356 566 1377 anno
589 1344 779 1382 undecimo,
805 1348 839 1376 et
857 1343 1064 1376 Christianae
1086 1343 1229 1387 originis
1256 1343 1436 1375 millesimo
1462 1344 1645 1376 centesimo

337 1417 549 1460 sexagesimo
566 1416 679 1448 tertio.
730 1414 847 1458 Hujus
865 1415 1083 1457 prudentiam
1107 1415 1143 1446 in
1164 1414 1299 1458 magnis
1320 1414 1489 1457 gerendis,
1515 1413 1646 1446 labores

338 1490 381 1522 ad
395 1489 603 1522 Christianae
615 1487 790 1531 religionis
805 1485 1306 1528 obse1·vatiouem,pietatemin
1317 1485 1419 1517 deum
1433 1489 1466 1517 et
1480 1485 1646 1523 homines,

337 1561 397 1593 ubi
420 1560 589 1592 intellexit
612 1570 673 1591 rex
694 1559 855 1601 optimus,
879 1558 1076 1601 complexus
1099 1568 1179 1589 eum
1201 1556 1428 1594 familiariter,
1452 1567 1586 1599 semper
1606 1561 1643 1588 ut

339 1636 516 1676 parentem
546 1635 579 1663 et
604 1634 849 1674 praeceptorem
874 1634 925 1662 est
948 1633 1155 1667 veneratus3
1183 1628 1352 1670 avitisque
1375 1628 1473 1660 donis
1499 1628 1647 1660 ecclesiae

341 1703 579 1736 Aberdonensi
607 1713 669 1735 sua
696 1701 899 1734 auctoritate
928 1701 1040 1733 denuo
1066 1700 1220 1737 firmatis,
1247 1699 1433 1731 immortali
1459 1699 1532 1737 deo,
1558 1699 1647 1731 divae

340 1776 468 1819 virgini
483 1775 616 1812 Mariae,
624 1775 704 1806 divo
711 1774 748 1806 M
753 1773 811 1805 ach
817 1773 889 1805 orio
901 1771 950 1813 (in
962 1782 1108 1815 quorum
1120 1771 1283 1803 honorem
1296 1772 1463 1813 templum
1474 1775 1556 1803 tunc
1570 1782 1648 1803 con-

342 1849 421 1880 dere
438 1851 490 1879 est
507 1847 669 1889 coeptum)
688 1850 721 1877 et
740 1844 909 1876 Matthaeo
926 1844 1083 1886 episcopo
1100 1853 1200 1886 agros
1219 1843 1259 1874 de
1274 1841 1451 1886 Tuligreg,
1467 1841 1649 1885 Fetyrneir

343 1920 468 1962 Owyn,
487 1916 753 1954 Invercroudan,
772 1914 982 1958 Banquhore
1000 1913 1115 1952 Denif,
1134 1913 1302 1956 Bahelny,
1320 1923 1397 1945 cum
1415 1913 1647 1945 ecclesiasticis

344 2001 462 2023 eorum
470 1986 967 2030 redditibus,proventibusque
978 1985 1181 2028 parochialis
1195 1985 1314 2029 templi
1329 1983 1583 2016 Aberdonensis
1591 1994 1649 2026 op-

344 2062 426 2105 pidi,
440 2061 544 2094 libere
558 2060 722 2103 erogavit.
742 2058 875 2091 Extant
888 2058 989 2101 regiae
1000 2057 1193 2089 donationis
1206 2057 1402 2099 diplomata.
1422 2055 1516 2087 Sedit
1529 2055 1557 2087 is
1568 2065 1652 2098 pon-

346 2133 441 2171 tifex,
460 2131 690 2175 Kyninmund
712 2134 947 2174 cognomento,
973 2139 1080 2161 annos
1101 2132 1249 2171 quatuor
1266 2131 1299 2160 et
1317 2127 1470 2170 triginta.
1521 2125 1653 2170 Attigit
