1955 2807
664 343 992 375 EPISCOPORUM
1014 341 1141 372 VITAE.
1521 340 1556 367 19

254 457 347 490 fama
373 457 416 488 ad
441 466 568 500 regem,
585 455 645 498 qui
667 455 856 497 primorum
884 452 1054 485 sententia
1073 449 1172 493 (quos
1198 449 1247 481 rei
1274 447 1462 491 indignitas
1483 447 1558 488 plu-

256 530 381 560 rimum
402 528 646 569 commoverat)
665 527 796 568 aliquot
813 528 890 566 post
907 524 978 556 dies
997 522 1247 558 Alexandrum,
1269 520 1313 552 ad
1339 530 1374 552 se
1400 519 1557 555 accitum,

257 602 291 632 in
318 601 455 632 vincula
482 598 649 642 conjecit3
681 596 906 639 reparatisqu
945 594 1096 626 ecclesiae
1124 592 1380 625 Aberdonensis
1410 591 1558 635 injuriis,

255 671 430 704 Adamum
449 670 541 702 omni
561 672 655 700 metu
673 668 811 705 levavit,
832 677 945 709 quem,
964 670 1003 698 nt
1021 669 1199 708 parentem
1218 668 1412 701 veneratus,
1442 667 1560 713 postea

256 744 345 775 inter
370 742 561 785 praecipuos
587 740 709 772 habuit
737 739 957 771 consiliarios.
1009 736 1197 778 Complura
1223 738 1256 766 et
1283 734 1353 766 fere
1380 734 1561 765 innumera

255 815 322 847 alia
339 815 449 846 relatu
469 813 613 856 indigna
630 810 825 844 Alexandri
847 821 962 847 suasu,
986 809 1188 851 priusquam
1208 807 1244 839 in
1262 806 1400 838 vincula
1418 806 1562 850 conjice-

255 892 351 920 retur
373 897 393 918 a
418 885 570 928 profanis
589 884 805 926 quibusdam,
824 883 883 925 qui
906 882 1081 925 regionem
1099 879 1285 911 foedissime
1308 877 1562 921 depopulaban-

256 964 324 996 tur,
342 967 521 1000 perpessus
541 960 592 988 est
610 956 809 998 episeopus3
829 965 907 997 quae
921 953 1037 985 onmia
1054 951 1190 994 longius
1205 961 1308 993 quam
1328 961 1390 992 pro
1405 954 1562 992 suscepto

256 1030 394 1073 negotio
412 1033 500 1061 esset
522 1038 691 1060 enarrare.
744 1026 939 1058 Secundum
963 1025 1047 1062 haec,
1071 1023 1211 1056 obtento
1234 1022 1276 1054 ab
1298 1033 1378 1066 rege
1401 1026 1440 1054 ut
1458 1020 1563 1053 Alex-

257 1101 355 1133 andri
373 1100 535 1132 satellites
554 1097 860 1130 Aberdonensibus
879 1097 971 1140 agris
997 1100 1030 1127 et
1053 1095 1193 1137 praediis
1211 1095 1475 1136 expellerentur,
1494 1105 1562 1136 quo

256 1173 366 1216 magis
390 1171 538 1213 episcopi
562 1171 678 1213 quieta
701 1168 900 1201 fruerentur
923 1178 1014 1210 pace,
1041 1165 1210 1203 Adamas,
1236 1166 1310 1209 jam
1340 1166 1560 1209 grandaevus,

256 1254 333 1276 cum
350 1247 461 1275 morte
478 1242 587 1274 vitam
605 1241 766 1278 mutavit,
786 1244 863 1282 post
881 1250 1015 1271 sacrum
1030 1239 1193 1280 adeptum
1208 1238 1452 1281 magistratum
1468 1247 1559 1269 anno

256 1316 397 1352 decimo,
416 1313 623 1346 Christianae
643 1313 785 1357 originis
811 1311 1034 1355 nonagesimo
1052 1321 1156 1353 supra
1174 1310 1395 1342 millesimum
1413 1313 1466 1341 ter
1483 1320 1559 1342 cen-

256 1388 427 1424 tesimum,
445 1390 479 1418 et
497 1385 641 1418 Roberti
661 1384 773 1416 Tertii
791 1394 881 1416 anno
899 1383 1010 1415 tertio.

305 1532 383 1570 Quo
397 1542 486 1563 anno
501 1529 784 1563 GILBERTUS
802 1528 1042 1562 GRENLAU
1060 1529 1233 1561 communi
1251 1527 1416 1571 suffragio
1434 1537 1560 1559 munus

257 1604 335 1636 iniit
356 1603 580 1646 pontificium,
604 1603 658 1634 vir
682 1612 819 1645 magnae
846 1602 935 1633 inter
960 1601 1058 1644 regni
1080 1601 1257 1643 primores,
1284 1600 1495 1643 singularem
1518 1598 1561 1630 ob

258 1675 486 1718 prudentiam,
511 1674 736 1706 auctoritatis.
770 1673 815 1711 Is,
834 1684 929 1705 sacro
947 1676 1085 1715 sumpto
1102 1672 1320 1715 magistratu,
1344 1682 1380 1702 re
1400 1669 1561 1703 Aberdo-

257 1747 354 1779 nensi
371 1751 502 1788 pacata,
522 1746 647 1778 veteris
667 1745 779 1777 turbae
798 1745 920 1777 amotis
938 1745 1103 1787 reliquiis,
1121 1745 1164 1776 ad
1181 1745 1271 1788 regis
1290 1744 1420 1776 curiam
1440 1753 1562 1775 consu-

259 1819 369 1850 lendae
387 1817 584 1860 reipublicae
605 1828 706 1849 causa
731 1828 765 1849 se
783 1818 950 1855 contulit;
981 1816 1051 1854 ubi,
1075 1816 1117 1848 ob
1140 1820 1241 1848 antea
1258 1820 1435 1858 expertam
1454 1816 1564 1848 virtu-

261 1896 341 1927 tem,
352 1890 446 1921 haud
463 1900 571 1931 parva
588 1889 728 1921 habitus
747 1893 798 1920 est
812 1889 1040 1920 veneratione.
1083 1887 1258 1930 Imprimis
1270 1888 1343 1931 ejus
1362 1888 1472 1920 virtus
1487 1898 1564 1930 per-

262 1966 387 2003 specta,
402 1971 480 1992 cum
494 1960 694 1992 Puellarum
709 1960 870 1992 Castrum
886 1959 934 2001 (id
948 1971 1073 1992 nomen
1091 1965 1142 1992 est
1159 1960 1344 1992 munitioni
1358 1959 1449 2001 apud
1468 1959 1564 2001 oppi-

264 2034 346 2065 dum
358 2043 449 2065 nunc
463 2033 570 2075 vulgo
585 2031 828 2076 Edinburgum
844 2033 1046 2075 vocitatum)
1061 2033 1251 2064 arctissima
1266 2031 1440 2063 obsidione
1458 2031 1563 2063 armis

261 2103 474 2148 Anglorum,
500 2104 560 2146 qui
579 2108 661 2135 tunc
675 2103 890 2135 Laudoniam
909 2114 986 2135 cum
1004 2114 1066 2136 suo
1083 2114 1162 2147 rege
1182 2102 1332 2134 Henrieo
1349 2102 1437 2134 foede
1455 2113 1564 2145 popu-

264 2176 434 2214 labantur,
452 2175 604 2218 undique
622 2175 771 2207 cinctum
794 2175 881 2206 miro
904 2175 1041 2218 ingenio
1063 2174 1238 2212 levaverit,
1261 2184 1463 2216 omnemque
1486 2174 1564 2206 belli

266 2249 336 2281 vim
360 2248 522 2280 averterit
540 2258 560 2280 a
578 2247 704 2279 nostris
720 2256 727 2278 :
754 2246 797 2279 ob
814 2247 906 2289 quod
925 2247 1098 2285 meritum,
1117 2257 1194 2279 cum
1212 2246 1384 2279 Robertus
1410 2256 1471 2278 rex
1496 2257 1566 2279 me-

1577 1311 1620 1344 A.
1642 1312 1683 1344 D.
1706 1312 1808 1346 1:390.
