1955 2807
332 330 372 358 68
783 325 1180 357 ABERDONENSIUM

332 441 513 480 provectus
539 436 695 473 honores,
721 435 938 467 literatorum
963 439 1097 467 amator
1122 438 1225 476 atque
1255 432 1420 465 excultor.
1471 432 1513 465 Id
1539 434 1630 466 enim

333 519 395 541 sua
408 509 444 540 in
458 508 636 540 literarum
648 506 857 540 Aberdoniae
871 507 1041 540 studiosos
1055 506 1257 539 continuata
1269 504 1507 537 benevolentia
1519 509 1635 547 aperte

333 580 556 612 demonstrat.
586 578 766 612 Postremo
779 578 988 611 WVilhelmus
1006 582 1122 611 noster
1135 577 1241 620 Deyae
1258 575 1410 609 fluminis
1428 580 1568 618 pontem
1586 586 1638 608 as-

334 652 482 694 sumpsit
499 651 737 690 condendum3
765 662 850 694 opus
868 652 965 694 pium
986 655 1020 684 et
1041 651 1083 683 ad
1104 650 1280 693 publicum
1297 649 1511 682 commodum
1531 649 1639 692 pluri-

338 734 433 756 mum
449 724 689 756 necessarium,
707 723 814 756 Brevi
826 724 955 766 lapides
969 723 1136 766 plurimos
1151 726 1184 754 et
1198 722 1296 766 tigna
1306 722 1518 764 comparavit
1535 726 1638 764 atque

336 799 541 828 caementum
554 800 722 838 quantum
735 796 777 827 ad
791 805 953 839 magnam
965 794 1076 837 operis
1088 797 1221 836 partem
1233 793 1476 826 absolvendam
1486 792 1638 826 sufficere

337 867 530 905 videbatur,
552 867 688 899 delectis
707 866 892 898 artificibus
917 866 960 898 ad
982 866 1082 898 molis
1100 864 1265 897 fabricam
1283 864 1408 896 accitis.
1459 864 1639 897 Scotorum

335 938 495 971 historias
514 939 554 970 de
571 938 684 981 gentis
696 937 973 981 antiquitatibus,
991 937 1183 980 praesertim
1200 936 1292 979 apud
1307 935 1481 979 Hybrides
1499 918 1640 973 insulas,

335 1009 395 1042 ubi
413 1010 586 1053 quondam
604 1021 726 1054 regum
743 1009 924 1052 sepulchra
944 1014 1136 1052 nostraeque
1154 1007 1267 1053 gentis
1285 1008 1397 1051 prisca
1413 1006 1640 1039 servabantur

337 1086 571 1120 monumenta,
594 1092 721 1126 magna
738 1082 917 1125 diligentia
934 1086 1036 1124 atque
1054 1080 1169 1113 labore
1187 1085 1238 1113 est
1256 1083 1429 1112 scrutatus
1445 1091 1451 1111 :
1478 1079 1515 1111 in
1532 1089 1641 1111 unum

338 1154 524 1186 coarctavit
542 1154 704 1186 volumen
722 1164 806 1196 quas
824 1153 967 1186 invenit.
1006 1152 1196 1184 Enimvero
1213 1152 1386 1194 perierant
1403 1150 1509 1183 ferme
1527 1151 1643 1183 omnia

339 1236 418 1268 quae
435 1226 476 1257 de
495 1225 675 1258 Scotorum
692 1225 798 1269 gestis
817 1225 925 1257 literis
938 1224 1077 1257 fuerant
1093 1224 1266 1261 mandata,
1283 1221 1480 1266 Anglorum
1497 1222 1642 1259 insidiis,

339 1308 447 1339 quum
465 1301 617 1330 nostram
637 1297 811 1340 regionem
830 1297 994 1329 intestina
1017 1296 1182 1328 seditione
1200 1294 1413 1327 laborantem
1430 1293 1518 1326 foede
1535 1304 1644 1336 popu-

340 1368 509 1401 labantur.
561 1368 732 1400 Scoticum
762 1368 854 1400 enim
881 1378 1006 1399 nomen
1031 1367 1114 1399 adeo
1139 1367 1206 1398 illis
1230 1370 1303 1398 erat
1326 1366 1489 1403 invisum,
1513 1369 1553 1397 ut
1575 1375 1645 1397 non

340 1440 441 1473 modo
458 1444 607 1484 gentem,
625 1440 684 1472 sed
702 1444 736 1472 et
754 1440 866 1483 gentis
885 1439 928 1471 ob
945 1449 999 1471 res
1017 1438 1153 1482 egregie
1171 1441 1285 1482 gestas
1303 1436 1560 1469 memorabilem
1573 1437 1646 1481 glo-

342 1513 440 1551 riam,
466 1512 603 1555 penitus
621 1512 732 1544 delere
750 1522 884 1554 semper
901 1511 1016 1543 animo
1034 1509 1228 1543 habuerint.
1267 1508 1446 1541 Wilhelmi
1464 1509 1592 1551 scripta
1608 1509 1644 1541 in

342 1595 378 1617 re
396 1584 538 1622 scotica,
549 1594 654 1627 quam
671 1584 779 1616 literis
797 1588 972 1626 utcunque
990 1583 1153 1614 mandare
1171 1581 1371 1624 incepimus,
1389 1581 1539 1614 maxime
1556 1581 1645 1614 inse-

343 1657 493 1700 quimur.
518 1655 683 1699 Quisquis
695 1666 734 1688 ea
748 1655 883 1693 viderit,
895 1655 1063 1698 intelliget
1074 1654 1200 1686 nostris
1214 1654 1395 1696 scriptores
1409 1652 1567 1692 defuisse,
1584 1658 1645 1685 aut

343 1729 403 1771 qui
420 1729 619 1772 scripserint
635 1727 741 1760 fuisse
754 1727 1019 1772 negligentiores
1035 1736 1044 1765 ;
1068 1725 1129 1769 qui
1147 1736 1228 1757 vero
1245 1725 1380 1768 egregie
1397 1725 1540 1768 egerint,
1557 1734 1646 1757 nun-

344 1811 460 1844 quam.
502 1800 707 1833 Sauctorum
731 1804 839 1844 gesta,
864 1798 990 1842 quibus
1017 1798 1207 1841 plurimum
1233 1797 1325 1839 apud
1349 1807 1410 1828 nos
1434 1796 1644 1839 parochiales

347 1870 400 1913 (ut
416 1872 466 1904 ita
483 1872 608 1914 dicam)
632 1871 780 1904 ecclesiae
797 1871 966 1908 dicantur,
984 1870 1102 1902 multis
1126 1870 1207 1901 locis
1224 1869 1381 1911 quaesita,
1399 1869 1436 1900 in
1453 1878 1562 1900 unum
1581 1868 1647 1900 col-

345 1944 430 1988 legit
456 1954 552 1986 opus,
578 1943 708 1975 diutius
734 1953 838 1985 quam
864 1952 926 1985 par
951 1946 1024 1973 erat
1049 1942 1266 1985 neglectum3
1294 1951 1373 1983 quae
1398 1944 1438 1972 ut
1464 1939 1648 1982 quotannis

346 2020 544 2049 sanctorum
562 2014 757 2047 solennibus
775 2014 879 2046 sacris
897 2014 1123 2046 recitarentur
1140 2012 1300 2045 obtinuit.
1343 2011 1435 2044 Nam
1452 2010 1560 2056 Angli
1578 2021 1647 2054 quo

348 2093 501 2131 tempore
515 2087 680 2131 majorem
692 2091 816 2119 nostrae
830 2086 978 2130 regionis
986 2089 1118 2128 partem
1133 2088 1352 2127 occuparunt,
1365 2090 1559 2116 sanctorum
1573 2093 1648 2126 ges-

349 2166 385 2193 ta
403 2159 476 2202 (qui
502 2160 594 2202 apud
619 2170 681 2191 nos
699 2158 865 2201 claruere)
883 2157 964 2190 data
981 2157 1163 2194 memoriae,
1181 2156 1286 2188 libros
1304 2160 1338 2188 et
1360 2154 1593 2192 historiarum,
1612 2158 1645 2186 et

349 2242 496 2275 quorum
522 2232 558 2264 in
584 2231 688 2264 sacris
712 2234 785 2263 erat
810 2239 904 2267 usuS,
930 2233 1126 2262 cremarunt
1153 2238 1280 2265 omnes,
1309 2227 1447 2259 illorum
1474 2226 1547 2258 loco
1575 2225 1645 2258 suis
