1955 2807
697 312 1028 345 EPISCOPORUM
1051 311 1179 342 VITAE.
1553 312 1592 339 63

288 425 459 459 abbatiam
487 424 770 468 Dryburgensem
789 422 1083 455 commendatione
1103 421 1258 463 adeptus.
1310 418 1465 451 Functus
1489 422 1541 450 est
1565 419 1593 450 is

288 498 408 531 multis
425 496 666 541 legationibus,
679 506 801 540 regum
815 495 917 538 jussu
930 498 1034 537 atque
1053 492 1233 526 Scotorum
1252 491 1532 535 magistratuum,
1550 491 1593 522 ad

290 570 404 602 varios
429 569 611 612 principes,
638 567 735 600 varia
760 577 877 610 regna,
907 565 1089 607 variasque
1113 565 1281 602 civitates,
1307 562 1432 606 quibus
1459 563 1594 607 insigne.

289 652 415 674 nomen
432 645 483 674 est
501 640 654 682 adeptus.
691 637 864 670 Henricus
878 636 1055 679 Spstalius,
1073 636 1166 668 haud
1184 636 1338 679 vulgaris
1356 635 1543 667 doctrinae:
1566 635 1594 667 is

290 714 529 751 adolescentes,
546 711 749 754 priusquam
763 709 900 742 altiores
919 711 1050 751 peteret
1063 707 1272 750 disciplinas,
1290 707 1458 749 quosdam
1477 711 1597 739 exacta

290 784 470 829 diligentia
493 782 672 816 nobiscum
698 782 734 815 in
759 781 978 825 philosophia
1003 779 1164 818 erudivit,
1181 778 1361 812 wilhelmi
1386 780 1495 811 nostri
1521 789 1598 823 cog-

295 861 409 895 natus,
426 861 460 889 et
477 855 521 889 ob
538 855 602 888 hoc
619 856 730 888 multo
750 854 848 887 nobis
872 854 992 887 carior.
1044 851 1224 885 Arthurus
1242 851 1396 889 Boetius,
1418 850 1505 883 mihi
1522 862 1599 895 ger-

291 939 425 967 manus,
452 929 487 960 in
514 927 687 971 pontificio
708 927 788 971 jure
812 926 940 965 doctor,
964 926 1001 959 in
1018 925 1124 958 civico
1151 922 1205 965 (ut
1228 924 1361 967 dicunt)
1389 924 1596 961 licentiatus,

292 1001 346 1033 vir
364 1001 483 1033 multae
510 1000 687 1038 doctrinae,
711 1000 789 1042 plus
807 999 987 1031 literarum
1005 998 1114 1031 indies
1135 1001 1391 1035 consecuturus,
1409 997 1501 1040 quod
1527 1001 1600 1029 stu-

291 1073 387 1105 dium
406 1073 435 1105 ei
462 1076 641 1115 permanet
658 1071 773 1104 animo
791 1070 971 1109 indefesso,
997 1070 1175 1103 nobiscum
1198 1070 1281 1113 jura
1298 1069 1352 1112 pie
1371 1073 1404 1101 et
1422 1069 1505 1101 scite
1523 1079 1602 1112 pro-

292 1144 417 1177 fitetur.
459 1143 526 1176 Est
543 1144 578 1175 in
597 1154 636 1176 eo
655 1143 706 1175 vis
724 1147 758 1175 et
775 1142 929 1186 gravitas
948 1142 1141 1185 eloquendi,
1159 1152 1179 1174 a
1196 1142 1331 1185 vulgari
1351 1152 1476 1185 genere
1493 1142 1602 1184 pluri-

291 1227 387 1249 mum
401 1215 599 1249 abhorrens.
620 1213 1099 1252 AlexanderGallovidianus,
1115 1214 1151 1246 in
1163 1213 1326 1246 canonico
1339 1213 1419 1257 jure
1435 1213 1602 1251 eruditus,

291 1298 382 1321 nunc
401 1287 656 1331 Kynkeldensis
676 1290 799 1325 rector,
822 1286 955 1329 aliquot
978 1296 1085 1319 annos
1107 1290 1187 1318 ante
1204 1284 1252 1317 W
1254 1285 1385 1318 ilhelmi
1403 1285 1514 1318 nostri
1533 1285 1603 1317 exi-

291 1366 367 1393 tum
390 1360 479 1393 tanti
501 1359 593 1402 apud
616 1370 696 1392 eum
717 1358 867 1397 habitus,
891 1363 931 1391 ut
952 1369 1039 1401 pene
1057 1359 1152 1391 nulla
1169 1357 1336 1400 pontificii
1354 1358 1494 1401 negotia
1510 1358 1603 1391 illius

292 1432 365 1464 sine
389 1432 495 1464 ductu
518 1434 713 1475 agerentur.
764 1430 786 1462 J
789 1441 916 1463 oannes
934 1429 1162 1473 Lyndesayus
1181 1434 1215 1462 et
1231 1428 1430 1462 Alexander
1448 1429 1605 1463 Lauren-

294 1503 375 1541 tius,
389 1503 479 1535 inter
492 1502 698 1535 clarissimos
711 1502 935 1546 jurisperitos
949 1502 1029 1546 jure
1043 1502 1268 1535 numerandi:
1290 1512 1439 1544 quorum
1452 1501 1475 1534 J
1477 1513 1604 1535 oannes

294 1586 329 1606 se
353 1574 464 1617 qualis
482 1574 622 1607 futurus
641 1578 715 1607 erat
738 1578 904 1617 praestare
926 1585 996 1607 non
1018 1575 1142 1618 potuit,
1161 1574 1305 1607 florente
1328 1578 1431 1608 aetate
1453 1574 1525 1607 fato
1548 1574 1606 1608 ab-

294 1651 453 1690 sumptus
466 1656 475 1685 3
494 1645 702 1685 Alexander,
717 1647 841 1689 spretis
854 1647 951 1679 vanis
968 1645 1024 1688 (ne
1037 1647 1148 1679 dicam
1162 1647 1309 1691 insanis)
1322 1647 1443 1679 mundi
1457 1647 1605 1691 gaudiis,

295 1729 420 1761 paucos
446 1718 571 1750 abhinc
596 1718 667 1750 dies
694 1728 828 1750 sacrum
854 1719 1123 1762 praedicatorum
1148 1719 1305 1752 ordinem
1330 1720 1518 1764 ingressus,
1545 1721 1603 1763 pio

295 1800 413 1822 eorum
439 1790 600 1822 instituto
625 1794 794 1833 perpetuo
819 1801 892 1823 sese
917 1791 1060 1824 addixit.
1110 1791 1226 1824 David
1252 1791 1404 1830 Menzes,
1430 1802 1606 1825 sacrarum

296 1861 474 1894 literarum
499 1863 621 1901 cultor,
650 1862 871 1896 concionibus
896 1864 1087 1906 plurimum
1110 1865 1251 1903 valens;
1279 1865 1316 1897 in
1341 1875 1411 1908 quo
1436 1865 1513 1898 viro
1537 1876 1607 1898 non

299 1938 370 1965 tam
382 1934 540 1972 eruditio,
550 1945 655 1977 quam
667 1934 780 1968 virtus
795 1945 1000 1979 morumque
1013 1937 1166 1980 gravitas
1181 1936 1340 1970 omnibus
1354 1941 1406 1970 est
1420 1942 1606 1980 perspecta.

299 2004 321 2037 J
324 2016 450 2038 oannes
465 2004 669 2049 Grysonius,
682 2006 855 2040 Robertus
874 2007 1070 2048 Insulanus,
1084 2013 1118 2042 et
1130 2008 1330 2042 Alexander
1343 2008 1503 2048 Aulicus,
1521 2021 1610 2053 prae-

298 2076 454 2109 dicatorii
468 2077 620 2110 instituti
632 2078 710 2116 viri,
723 2078 873 2123 theologi
885 2080 1085 2122 spectabiles
1096 2082 1239 2114 scientia
1251 2086 1284 2114 et
1295 2082 1432 2125 pietate.
1457 2081 1481 2113 J
1482 2093 1610 2115 oannes

298 2147 466 2188 Adamus,
481 2160 586 2182 sacrae
603 2150 786 2195 theologiae
799 2150 981 2194 professor,
994 2152 1122 2195 pietate
1137 2153 1265 2197 insigni
1279 2158 1383 2197 atque
1396 2154 1587 2187 eruditione
1600 2164 1609 2193 ;

299 2220 430 2263 primus
448 2222 508 2264 qui
522 2221 733 2255 Aberdoniae
752 2223 943 2268 magisterii
957 2223 1139 2269 fastigium
1156 2236 1196 2258 ea
1213 2226 1249 2259 in
1262 2225 1425 2260 facultate
1442 2232 1494 2260 est
1510 2228 1612 2271 adep-
