1955 2807
325 334 365 361 54
778 330 1173 362 ABERDONENSIUM

326 451 403 473 cum
423 440 580 477 venisset,
606 439 752 483 benigne
778 440 928 478 auditus,
946 451 1000 473 res
1019 451 1062 473 ex
1079 441 1246 474 desiderio
1266 442 1481 485 composuit3
1508 443 1622 486 sicque

327 512 461 555 magnis
478 511 678 543 muneribus
702 511 860 550 donatus,
886 516 920 545 et
945 513 1065 545 ducem
1092 514 1324 546 reconciliavit
1350 514 1434 557 regi,
1460 519 1494 546 et
1512 514 1627 546 omnia

328 583 419 626 pacis
437 584 538 625 plena
551 583 671 615 effecit.
698 583 799 621 Quod
812 584 855 616 ob
869 584 1041 623 meritum,
1059 585 1171 627 primo
1190 596 1253 617 suo
1273 586 1424 617 adventu
1442 586 1485 617 ad
1498 595 1625 629 regem,

326 655 581 688 Aberdonensis
599 656 776 698 episcopus
794 660 846 688 est
863 656 1061 700 designatus
1074 667 1083 695 ς
1102 661 1136 689 et
1149 657 1269 689 deinde
1284 658 1413 700 aliquot
1428 661 1505 699 post
1519 668 1628 689 annos

326 738 472 771 magnus
486 731 626 760 vocatus
641 728 871 760 cancellarius.
916 727 1042 760 Incidit
1059 729 1095 760 in
1112 728 1176 760 hoc
1194 733 1339 771 tempus,
1358 730 1412 761 vel
1432 740 1500 761 non
1518 730 1628 761 multo

327 803 414 842 post,
431 799 659 831 execrandum
678 799 804 831 bellum
822 800 912 831 inter
935 810 1051 843 regem
1068 800 1210 843 ejusque
1235 801 1504 844 primogenitum
1530 801 1628 834 Jaco-

326 871 419 908 bum,
437 871 497 913 qui
514 875 633 913 postea
650 870 803 907 Quartus
821 874 872 902 est
898 871 1100 913 appellatus,
1117 872 1209 914 quod
1227 882 1304 904 cum
1322 883 1443 914 pacare
1460 874 1627 915 nequiret,

326 944 403 975 licet
427 942 513 974 nihil
539 942 716 984 reliquerit
733 942 943 974 intentatum
960 943 1053 985 quod
1076 944 1112 975 in
1130 954 1211 986 pace
1229 943 1436 976 conficienda
1453 945 1495 976 ad
1514 945 1628 976 virum

325 1014 453 1047 bonum
469 1018 572 1056 atque
589 1014 793 1056 prudentem
811 1014 957 1046 attinere
975 1015 1114 1053 diceres,
1131 1015 1221 1059 regis
1241 1015 1396 1058 partibus
1410 1016 1452 1048 ad
1468 1015 1545 1048 belli
1558 1017 1628 1048 exi-

328 1091 403 1118 tum
420 1096 529 1128 usque
547 1085 703 1118 adhaesit.
746 1084 864 1117 Finito
883 1089 891 1102 ‘
903 1085 1092 1118 infeliciter’
1110 1087 1193 1118 satis
1208 1087 1271 1119 hoc
1284 1086 1382 1125 bello,
1396 1087 1629 1120 Aberdoniam

325 1158 467 1190 revisit:
493 1158 622 1189 clerum
640 1157 838 1189 melioribus
862 1157 1031 1190 institutis
1053 1157 1204 1190 format:
1231 1159 1350 1190 divina
1367 1160 1550 1191 nonnullos
1568 1170 1628 1190 an-

326 1240 387 1262 nos
409 1229 551 1271 paulum
576 1229 740 1272 neglecta,
764 1229 927 1271 temporis
954 1229 1146 1271 iniquitate,
1174 1229 1335 1262 restituit.
1388 1229 1505 1262 Prisco
1526 1235 1629 1273 atque

326 1306 465 1344 patrum
491 1311 585 1332 more
611 1304 714 1332 cantu
739 1299 884 1332 ubilibet
909 1300 1077 1332 celebrare
1098 1300 1208 1344 jubet.
1258 1300 1317 1332 Ad
1342 1311 1438 1333 sacra
1462 1301 1528 1333 rite
1554 1312 1630 1334 exe-

325 1372 461 1415 quenda
477 1372 514 1403 in
531 1371 672 1403 basilica
689 1370 940 1409 Aberdonensi,
959 1375 1051 1403 creat
1069 1372 1323 1415 designatorem
1340 1371 1361 1403 J
1365 1383 1509 1404 oannem
1529 1373 1630 1405 Mali-

326 1454 460 1481 sonum,
478 1443 608 1475 musica
625 1443 805 1485 disciplina
822 1443 1008 1480 eruditum,
1026 1442 1180 1475 moribus
1199 1442 1393 1485 probatum,
1411 1454 1513 1485 penes
1527 1454 1629 1486 quem

328 1516 426 1558 (quos
437 1514 538 1547 scribi
556 1518 590 1547 et
607 1513 803 1547 concinnari
816 1513 956 1557 fecerat)
972 1513 1051 1546 libri
1064 1513 1177 1546 forent
1194 1514 1345 1546 rituales.
1377 1514 1470 1547 Huic
1482 1515 1556 1548 viro
1573 1516 1630 1548 de-

327 1587 408 1619 bent
430 1585 704 1623 Aberdonenses,
727 1585 893 1618 musicam
919 1585 1113 1628 praesertim
1137 1585 1257 1624 edocti,
1282 1596 1387 1628 quam
1412 1587 1547 1629 parenti
1568 1587 1628 1620 filii

327 1659 526 1691 caritatem:
550 1657 714 1701 quicquid
739 1657 808 1689 illic
833 1657 989 1695 musices,
1015 1657 1179 1700 quicquid
1205 1661 1333 1690 exactae
1350 1658 1387 1690 in
1409 1657 1474 1690 Dei
1492 1660 1630 1692 ecclesia

327 1731 453 1762 boreali
482 1729 711 1773 jubilationis,
743 1728 848 1772 hujus
875 1729 950 1760 viro
980 1728 1173 1772 justissime
1198 1728 1342 1761 debetur
1367 1739 1501 1771 operae;
1528 1741 1626 1762 rarus

327 1801 418 1834 enirn
436 1801 644 1843 conspicitur
661 1799 870 1832 Aberdoniae
896 1800 1056 1832 cantandi
1074 1804 1183 1832 artem
1201 1801 1403 1833 excellenter
1420 1801 1550 1840 doctus,
1568 1803 1627 1844 qui

328 1884 367 1905 eo
389 1883 459 1904 non
483 1871 588 1904 fuerit
613 1882 696 1903 usus
722 1875 940 1913 praeceptore.
992 1871 1106 1904 Multa
1132 1872 1199 1903 alia
1219 1872 1294 1915 jam
1320 1876 1403 1905 tunc
1420 1872 1629 1906 WVilhelmus

327 1944 426 1976 laude
456 1944 562 1987 digna
591 1947 730 1975 acturus
760 1946 844 1980 erat,
878 1942 937 1974 sed
969 1942 1012 1974 ad
1042 1943 1172 1974 curiam
1206 1948 1395 1982 revocatus,
1429 1955 1468 1976 ac
1500 1944 1523 1976 J
1525 1945 1628 1978 acobo

328 2017 460 2054 Quarto
483 2015 682 2058 designatus
706 2014 931 2051 consiliarius,
956 2013 1193 2046 benevolentia
1210 2015 1283 2059 regi
1301 2020 1468 2058 acceptus,
1487 2027 1626 2049 venera-

327 2088 418 2119 tione
442 2086 580 2119 habitus
604 2086 698 2128 quali
716 2091 795 2117 ante
818 2096 839 2117 a
868 2090 975 2127 patre,
998 2085 1171 2128 inceptum
1189 2086 1225 2118 in
1243 2087 1469 2129 opportunius
1490 2093 1624 2130 tempus

328 2158 471 2190 distulit.
514 2157 705 2190 Restabant
721 2157 875 2199 reliquiae
893 2157 1052 2199 quaedam
1070 2158 1194 2190 veteris
1213 2158 1390 2190 discordiae
1415 2157 1505 2190 inter
1525 2161 1622 2203 regni

328 2229 505 2271 primores,
519 2240 597 2272 quae
611 2229 678 2261 nisi
692 2228 897 2271 sopirentur,
912 2228 1052 2272 majoris
1070 2229 1201 2261 dissidii
1214 2229 1408 2261 incendium
1420 2229 1626 2264 videbantur
