1955 2807
345 344 384 371 50
802 340 1198 371 ABERDONENSIUM

347 449 521 492 suppetias
538 459 546 487 ;
574 458 645 480 sese
672 459 807 491 quoque
833 449 870 481 in
896 453 974 482 tuos
1000 449 1115 482 hostes
1146 452 1366 491 sumpturum
1401 458 1507 487 arma,
1540 454 1643 492 atque

345 522 474 553 delecta
491 531 566 552 cum
586 520 737 553 militum
763 532 879 559 manu,
906 521 1007 553 modo
1025 521 1059 553 id
1077 520 1321 563 concupiveris,
1345 520 1381 551 in
1405 523 1505 552 tuum
1523 524 1644 552 ventu-

346 603 422 624 rum
449 592 627 624 auxilium.
691 592 725 624 Is
752 593 888 625 animus
918 597 1036 625 nostro
1064 593 1137 636 regi
1167 592 1203 625 in
1233 596 1267 624 te
1297 596 1464 634 tuumque
1499 601 1645 635 regnum

347 663 654 704 (Christianissime
680 665 851 708 princeps)
878 664 941 697 hoc
967 665 1196 696 desiderium:
1223 663 1311 695 nihil
1336 663 1419 695 utile
1445 662 1510 695 sibi
1535 667 1647 705 putat,

347 735 544 768 delectabile
555 735 652 774 nihil,
664 736 751 768 nihil
762 736 956 774 honestum,
970 736 1061 778 quod
1075 735 1285 767 Francorum
1297 734 1493 776 reipublicae
1507 734 1647 771 inutile;

347 807 419 840 sine
437 807 529 839 enim
548 807 761 840 Francorum
779 807 940 839 felicitate
958 817 1029 839 sese
1043 806 1115 839 fore
1133 810 1246 838 censet
1263 805 1442 838 infelicem.
1491 805 1645 838 Tantum

345 890 459 923 regem
487 879 634 911 amicum
661 878 785 910 habere
811 878 949 922 gaudet,
966 878 1135 922 gloriatur
1150 887 1158 916 ;
1186 882 1230 915 te,
1258 877 1410 920 inquam,
1433 876 1645 909 Francorum

345 962 405 983 rex
423 950 657 988 invictissime,
675 950 735 992 qui
752 950 842 982 inter
859 951 1020 982 mortales
1039 949 1208 992 principes
1232 949 1324 980 solus
1347 948 1478 990 liquore
1502 949 1646 980 sacraris

345 1022 483 1060 caelesti,
496 1023 599 1060 solus,
614 1021 679 1054 Dei
693 1022 765 1054 sine
776 1022 1009 1054 controversia
1020 1022 1109 1053 dono
1122 1020 1297 1063 peculiari,
1310 1019 1499 1052 branchum
1514 1018 1645 1051 foedum

346 1099 449 1137 atque
474 1094 703 1136 perniciosum
724 1093 883 1125 morbum
910 1094 981 1125 solo
1004 1103 1127 1124 manus
1145 1103 1243 1124 curas
1261 1095 1403 1129 attactu,
1429 1092 1520 1123 solus
1539 1091 1645 1124 uteris

347 1167 426 1199 liliis
440 1166 565 1198 caelesti
580 1176 721 1198 munere
737 1165 874 1209 insigni.
914 1165 1063 1197 Oramus
1077 1168 1267 1207 propterea,
1285 1174 1475 1205 precamur,
1493 1163 1646 1195 obsecra-

345 1248 433 1275 mus,
450 1248 567 1279 parem
586 1237 731 1279 principi
749 1241 866 1269 nostro
890 1237 991 1268 redde
1015 1236 1120 1268 animi
1144 1235 1426 1267 benevolentiam.
1478 1234 1569 1266 Pene
1587 1235 1645 1267 ad-

346 1309 413 1341 huc
439 1319 524 1351 puer
549 1312 742 1345 montanos,
765 1312 902 1352 gentem
920 1307 1077 1345 ferocem,
1096 1307 1259 1339 intestina
1281 1317 1415 1349 semper
1437 1307 1643 1350 gaudentem

345 1380 522 1417 seditione,
536 1379 686 1417 domuit3
700 1384 811 1411 totum
827 1390 972 1423 regnum
985 1379 1170 1421 tranquilla
1180 1378 1347 1410 stabilivit
1360 1388 1458 1420 pace;
1473 1389 1644 1420 nusquam

346 1452 529 1484 imminent
547 1451 708 1493 pericula,
722 1461 892 1493 nusquam
907 1450 1058 1482 hostium
1071 1450 1184 1482 timor.
1210 1448 1341 1481 Adesse
1354 1450 1427 1493 jam
1445 1450 1543 1481 novit
1560 1454 1645 1482 tem-

347 1534 410 1566 pus
429 1523 566 1566 quando
584 1522 647 1555 tibi
665 1526 804 1566 gratum
823 1526 856 1554 et
874 1523 1021 1554 amicum
1036 1532 1108 1554 sese
1121 1526 1233 1564 potest
1243 1526 1418 1564 praestare.
1444 1520 1645 1554 Amicitiam

346 1601 531 1638 sanctaque
543 1594 672 1626 foedera
686 1595 798 1633 colito,
816 1595 1014 1626 contestatis
1033 1594 1106 1626 caeli
1118 1593 1317 1626 numinibus
1334 1593 1431 1631 inita,
1449 1597 1501 1625 tot
1519 1593 1646 1625 utrius-

347 1678 413 1710 que
430 1667 547 1709 populi
566 1666 733 1698 nobilium
757 1666 924 1710 sanguine
948 1665 1176 1708 comprobata.
1226 1663 1355 1696 Amato
1373 1664 1521 1696 amicum
1539 1675 1646 1707 popu-

348 1739 419 1770 lum
439 1738 501 1770 tibi
518 1738 733 1775 fidissimum,
759 1742 799 1770 ut
824 1742 945 1770 mutua
962 1740 1161 1780 permaneat
1183 1747 1316 1779 semper
1337 1736 1428 1768 inter
1450 1746 1516 1773 θος,
1543 1740 1645 1779 atque

349 1810 440 1842 inter
458 1820 566 1853 reges,
583 1814 684 1852 grata
701 1809 948 1841 benevolentia.
975 1808 1029 1841 Eo
1046 1819 1194 1851 namque
1212 1812 1311 1850 pacto
1328 1811 1493 1850 perpetua
1510 1818 1647 1850 prospe-

348 1881 450 1913 ritate
463 1879 638 1924 gaudebiS,
657 1879 870 1912 Francorum
889 1880 1057 1912 custodies
1075 1879 1269 1922 imperium,
1287 1878 1514 1916 conservabis,
1532 1878 1648 1911 tuebe-

349 1952 407 1990 ris,
421 1962 560 1984 securus
579 1955 613 1983 et
631 1951 770 1983 omnino
781 1951 899 1983 hostili
917 1954 1011 1983 metu
1029 1951 1172 1983 levatus.
1204 1950 1339 1982 Caetera
1357 1950 1464 1982 nostri
1483 1950 1646 1992 principis

349 2024 522 2066 postulata
538 2023 592 2055 bis
610 2033 652 2055 ex
670 2022 860 2066 magnificis
876 2023 960 2054 viris
974 2027 1007 2054 et
1021 2021 1223 2060 oratoribus,
1238 2021 1363 2064 quibus
1381 2021 1561 2054 secretiora
1578 2032 1647 2053 cre-

349 2095 436 2127 didit
454 2095 604 2132 consilia,
622 2094 681 2126 ubi
699 2093 848 2132 libuerit,
866 2094 1017 2136 accipies.

400 2166 482 2198 Haec
499 2166 558 2198 ubi
576 2170 745 2209 perorata,
766 2176 827 2198 rex
845 2170 996 2198 oratores
1013 2165 1217 2198 familiarius
1235 2165 1441 2208 complexus,
1461 2163 1519 2195 ubi
1537 2163 1647 2196 multa

350 2247 452 2280 super
477 2237 643 2270 carissimi
670 2238 723 2270 sui
749 2237 866 2270 fratris
892 2237 1010 2270 Jacobi
1038 2237 1148 2269 Tertii
1174 2235 1236 2275 (sic
1262 2246 1409 2278 namque
1433 2245 1511 2267 eum
1533 2235 1647 2277 appel-
