1955 2807
702 324 1032 356 EPISCOPORUM
1055 323 1182 354 VITAE.
1555 324 1593 350 4-9

294 434 436 471 nohum,
451 433 678 472 Cresciacum,
692 438 726 466 et
740 433 939 478 Blangium,
954 444 1015 476 pro
1029 433 1240 465 Francorum
1257 431 1366 463 salute
1379 434 1413 462 et
1427 429 1596 467 libertate,

295 516 373 539 cum
398 505 525 550 Anglis
551 505 789 538 communibus
815 505 971 537 hostibus
998 505 1209 536 decertantes
1230 503 1433 545 fortiterque
1456 506 1595 546 agentes

295 577 510 611 occubuere?
542 577 716 621 Cognosce
742 577 878 614 idcirco,
906 576 1088 613 Lodovice,
1119 586 1179 607 rex
1211 575 1349 617 optime,
1378 585 1447 617 quo
1481 574 1597 606 animo

295 649 386 683 Scoti
404 650 440 682 in
458 654 491 682 te
508 653 672 691 tuamque
689 648 778 681 hanc
795 652 933 692 gentem
952 659 1086 691 semper
1107 647 1212 685 fuere,
1230 648 1301 690 qui,
1324 647 1447 690 spretis
1465 646 1598 691 Anglo-

294 732 373 754 rum
390 722 506 760 armis,
520 722 694 764 marisque
711 721 871 764 periculis
886 721 1102 764 posthabitis,
1120 720 1188 753 huc
1201 720 1245 752 ad
1258 724 1358 752 tuum
1373 720 1436 752 hoc
1450 731 1596 763 regnum

293 804 485 833 accessere3
512 805 591 827 cum
609 794 748 827 inimica
768 798 871 838 gente
892 804 1092 826 conseruere
1110 803 1233 825 manus
1257 793 1292 825 in
1315 792 1459 824 exitium
1478 803 1597 834 usque,

293 872 333 900 ut
349 867 480 899 socium
503 871 537 900 et
560 867 709 899 amicum
732 867 900 910 populum
927 866 1077 909 periculo
1101 864 1168 906 (cui
1193 866 1371 908 proximus
1392 867 1479 908 erat)
1503 867 1596 898 omni

294 943 397 982 atque
414 939 531 972 hostili
549 944 644 972 metu
662 938 857 972 liberarent.
908 936 1012 971 Adeo
1030 949 1126 971 sacra
1143 937 1280 970 foederis
1294 938 1376 981 jura
1394 948 1527 980 semper
1545 948 1599 970 co-

294 1012 396 1044 luere.
442 1010 573 1044 Verum
591 1011 761 1043 sancitum
779 1010 901 1048 foedus,
919 1014 970 1043 tot
988 1010 1126 1054 regibus
1144 1021 1205 1052 per
1223 1014 1274 1041 tot
1292 1010 1404 1041 secula
1422 1010 1597 1041 excultum

292 1088 325 1115 et
343 1087 595 1121 conservatum,
612 1083 665 1115 uti
682 1083 833 1125 inclytus
851 1083 1009 1125 princeps
1027 1086 1144 1114 noster
1165 1082 1304 1124 accepit,
1333 1082 1406 1114 nixi
1430 1087 1512 1114 sunt
1535 1082 1599 1114 im-

292 1155 370 1197 puri
388 1154 529 1197 quidam
548 1153 732 1197 (quantum
755 1164 816 1196 per
838 1165 894 1186 eos
916 1154 989 1186 fieri
1008 1154 1135 1197 potuit)
1154 1154 1293 1191 violare,
1312 1153 1452 1186 sinistra
1469 1155 1595 1196 partim

291 1225 533 1264 insinuatione,
561 1226 688 1268 partim
712 1226 914 1258 commentis
931 1225 1030 1264 fietis,
1052 1225 1187 1258 frivolis
1206 1235 1342 1268 quoque
1364 1225 1597 1258 occasionibus

292 1297 498 1336 adinventis,
524 1298 614 1330 unde
641 1298 732 1330 inter
755 1298 863 1331 socios
882 1302 916 1331 et
933 1298 1059 1330 amicos
1077 1298 1162 1330 adeo
1179 1297 1323 1340 populos
1341 1297 1482 1329 dissidio
1499 1308 1598 1340 para-

292 1374 370 1402 rent
399 1370 564 1402 damnum
593 1370 749 1412 utrisque
779 1374 985 1412 perpetuum
1011 1374 1114 1412 atque
1142 1369 1382 1411 perniciosum,
1409 1370 1599 1401 communi-

294 1441 358 1473 bus
376 1451 457 1473 vero
477 1440 634 1474 hostibus
660 1442 877 1474 commodum
904 1446 938 1474 et
963 1442 1259 1473 delectamentum.
1304 1440 1409 1485 AEgre
1434 1440 1501 1473 fert
1519 1452 1597 1484 quae

293 1512 463 1551 feruntur,
481 1517 515 1545 et
532 1517 572 1546 ut
588 1524 667 1546 suos
684 1513 944 1556 primorumque
962 1513 1016 1545 sui
1034 1513 1132 1557 regni
1156 1513 1288 1545 animos
1315 1513 1351 1545 in
1376 1512 1440 1545 hac
1462 1523 1500 1545 re
1524 1513 1598 1557 dig-

294 1595 423 1623 noscas,
449 1589 687 1628 quantumque
705 1584 917 1617 Francorum
936 1586 1028 1617 salus
1046 1585 1205 1617 omnibus
1230 1585 1275 1618 sit
1299 1595 1403 1623 curae,
1429 1585 1521 1618 hunc
1546 1596 1598 1618 re-

293 1657 481 1689 verendum
506 1661 651 1700 patrem,
677 1656 957 1690 Dunkeldensem
984 1657 1180 1700 episcopum
1204 1657 1384 1700 inclytum,
1411 1657 1503 1689 hunc
1526 1657 1598 1690 Bu-

292 1728 455 1771 quhaniae
473 1729 644 1767 comitem,
663 1739 765 1761 suum
783 1730 1004 1768 avunculum,
1022 1730 1218 1762 consultum
1237 1729 1329 1761 hunc
1343 1729 1597 1773 jurisperitum,

292 1800 346 1832 sui
363 1800 460 1844 regni
481 1799 534 1840 (ut
551 1801 678 1834 nostris
696 1805 776 1834 utar
794 1801 983 1844 vocabulis)
997 1800 1240 1845 justitiarium,
1258 1805 1292 1834 et
1309 1811 1374 1839 me,
1392 1805 1490 1833 tanta
1507 1802 1598 1845 lega-

292 1872 384 1904 tione
398 1872 592 1916 indignum,
600 1873 643 1905 ad
650 1877 747 1906 tuam
761 1873 890 1917 legavit
897 1873 1145 1911 celsitudinem,
1152 1873 1212 1916 qui
1218 1877 1252 1906 te
1258 1877 1390 1906 certum
1396 1871 1596 1910 faceremus,

292 1943 422 1986 siquid
445 1943 482 1976 in
505 1944 569 1976 hac
591 1955 628 1976 re
653 1943 758 1987 (quod
776 1945 883 1978 veteri
906 1945 1068 1978 amicitiae
1094 1946 1261 1988 dissonat)
1285 1945 1348 1977 tibi
1372 1955 1435 1977 suo
1458 1945 1596 1977 nomine

293 2016 440 2048 relatum
454 2015 571 2054 fuerit,
584 2016 720 2060 injussu
736 2027 798 2049 suo
812 2018 959 2049 relatum
971 2027 980 2055 ;
999 2017 1121 2055 foedus,
1133 2017 1162 2049 si
1176 2018 1212 2049 in
1224 2017 1340 2059 aliquo
1353 2016 1595 2049 labefactatum

292 2087 347 2125 sit,
365 2097 613 2129 repararemus,
631 2088 730 2120 novis
754 2088 783 2119 si
807 2098 892 2130 opus
915 2087 1022 2121 fuerit
1046 2088 1261 2120 firmaremus
1288 2088 1432 2132 legibus,
1458 2099 1594 2121 omnem

291 2159 346 2190 vel
368 2158 451 2191 mali
474 2158 702 2201 suspicionem
725 2159 762 2192 in
788 2159 852 2192 hac
869 2170 905 2192 re
923 2160 1143 2199 tolleremus3
1171 2160 1354 2192 adversum
1376 2159 1491 2193 hostes
1509 2170 1594 2203 quos

290 2229 436 2275 jamjam
463 2230 527 2264 1100
552 2234 653 2264 tuum
688 2241 835 2276 regnum
862 2231 1043 2264 invasuros
1069 2232 1236 2270 audierat,
1262 2231 1325 2265 tibi
1350 2233 1594 2274 spondei-emus

922 2303 945 2326 G
