1955 2807
333 292 373 320 38
786 291 1182 321 ABERDONENSIUM

334 398 457 431 Romae
470 397 492 430 J
494 398 590 430 acobi
604 397 715 430 Tertii
728 398 831 442 jussu
849 399 1019 443 legatione
1034 399 1245 444 fungebatur
1260 409 1267 431 ι
1285 400 1344 432 ubi
1362 401 1466 434 sacris
1477 412 1520 434 ex
1536 403 1632 435 insti-

333 471 417 503 tutis
436 470 611 512 episcopus
630 474 860 512 consecratur.
905 470 1064 504 Moratus
1081 472 1161 504 inde
1178 472 1225 504 ibi
1243 472 1356 515 quoad
1370 483 1424 505 res
1442 483 1485 505 ex
1501 478 1636 506 senten-

335 542 385 574 tia
404 541 612 584 perfecerat:
630 542 770 575 tandem
787 553 808 575 a
820 553 955 576 summo
972 544 1131 586 pontifice
1149 544 1320 582 dimissus,
1339 545 1467 587 partim
1480 546 1633 577 terrestri

339 614 461 646 itinere
487 614 613 656 partim
634 615 785 659 navigio,
802 613 1037 648 Aberdoniam
1062 616 1167 648 venit.
1219 615 1406 648 Occurrere
1428 616 1558 649 nobiles
1576 617 1636 659 qui

335 686 371 717 in
385 686 512 718 vicinia
529 686 625 718 sedes
643 685 804 725 habuere,
823 691 856 719 et
870 686 1132 720 Aberdonenses
1150 687 1251 726 cives,
1268 687 1504 720 honorationis
1523 698 1635 725 causa,

336 759 591 797 adventantem,
606 759 713 791 veluti
731 763 948 801 expectatum
966 764 1138 802 pastorem
1156 769 1283 803 magna
1301 760 1519 793 veneratione
1533 761 1638 793 susci-

335 830 477 872 pientes.
516 829 700 867 Robertus,
714 834 754 862 ut
771 841 845 862 mos
863 835 924 869 est,
942 829 1166 873 praesentibus
1184 832 1365 870 canonicis,
1380 832 1580 876 juramento
1597 833 1638 864 de

335 901 424 934 fideli
443 902 739 934 administratione
753 902 921 944 praestito,
939 902 975 934 in
989 902 1227 935 Aberdonensi
1241 903 1319 935 sede
1337 907 1389 935 est
1406 903 1637 935 confirmatus.

336 972 404 1005 Ubi
418 983 543 1015 paucos
562 977 716 1006 moratus
730 974 812 1012 dies,
830 974 873 1006 ad
890 984 1005 1018 regem
1021 975 1159 1013 accitus,
1173 985 1251 1017 quae
1266 974 1389 1007 Romae
1404 985 1481 1007 cum
1500 985 1635 1006 summo

337 1044 497 1087 pontifice
521 1045 616 1089 regio
642 1050 759 1089 egerat
784 1046 932 1084 nomine,
958 1052 1090 1089 quanta
1114 1047 1331 1078 veneratione
1357 1046 1507 1084 habitus,
1534 1057 1638 1089 quain

336 1115 481 1148 feliciter
495 1116 632 1159 publica
646 1117 785 1160 negotia
797 1122 945 1160 peracta,
962 1117 1053 1150 facta
1068 1119 1239 1156 concione,
1257 1129 1371 1150 coram
1388 1119 1486 1162 regni
1501 1119 1640 1162 majori-

339 1188 402 1220 bus
420 1189 615 1220 enarravit:
642 1189 803 1221 laudatus
824 1189 949 1221 idcirco
975 1200 995 1221 a
1020 1200 1109 1233 rege.
1160 1188 1233 1221 Nec
1257 1188 1325 1222 fuit
1351 1200 1390 1221 ea
1416 1190 1452 1222 in
1478 1190 1639 1222 concione

337 1261 397 1303 qui
427 1260 541 1292 virum
573 1261 793 1302 amplissimis
824 1260 1012 1293 honoribus
1039 1261 1183 1305 dignum
1209 1271 1279 1293 non
1300 1261 1495 1304 judicaret:
1521 1262 1636 1305 regius

340 1336 522 1375 propterea
544 1332 757 1364 consiliarius
779 1333 989 1376 designatus,
1012 1333 1102 1365 inter
1119 1343 1175 1365 eos
1198 1333 1257 1375 qui
1276 1333 1317 1365 de
1336 1333 1552 1365 arduissimis
1574 1334 1639 1365 rei-

339 1403 485 1446 publicae
504 1404 650 1447 negotiis
672 1404 894 1443 disserebant,
911 1404 1054 1448 jubente
1071 1415 1150 1448 rege
1167 1408 1368 1436 numeratus
1387 1409 1447 1436 est.
1499 1402 1638 1436 Interea

338 1476 501 1515 Roberto,
522 1487 640 1509 eorum
667 1477 818 1519 epistolis
845 1487 930 1519 quos
948 1477 1186 1509 Aberdonensi
1212 1477 1261 1508 rei
1287 1476 1403 1508 abiens
1430 1475 1639 1518 praefecerat,

338 1548 563 1592 significatur,
589 1548 764 1587 Brassam,
782 1547 1037 1581 Aberdonensis
1064 1549 1212 1581 ecclesiae
1238 1558 1372 1592 agrum,
1397 1552 1640 1580 montanorum

336 1621 553 1663 quorundam
587 1620 846 1653 excursionibus
880 1620 969 1653 foede
1002 1621 1215 1663 populatum.
1274 1618 1333 1651 Ad
1367 1629 1444 1651 eum
1478 1619 1640 1651 nuntium

338 1692 573 1726 Aberdoniam
597 1693 688 1725 illico
710 1693 884 1731 concessit,
902 1692 962 1725 ubi
979 1696 1189 1736 grassatores
1211 1701 1288 1723 cum
1315 1701 1433 1722 eorum
1455 1691 1539 1722 duce
1557 1690 1639 1722 diris

339 1764 610 1797 execrationibus
628 1765 779 1807 primum
804 1769 856 1797 est
874 1768 1085 1807 prosecutus.
1137 1763 1261 1795 Postea
1281 1762 1436 1794 invitatis
1461 1761 1564 1805 regiis
1588 1772 1641 1793 co-

338 1834 415 1877 piis,
433 1835 636 1877 praedonum
660 1836 820 1878 impetus,
839 1836 898 1878 qui
923 1835 1144 1878 pertinaciter
1161 1834 1393 1867 ecclesiasticis
1420 1834 1560 1866 monitis
1583 1833 1641 1865 ob—

338 1911 528 1949 temperare
551 1911 774 1945 recusassent,
801 1918 869 1939 non
895 1907 996 1939 modo
1022 1906 1194 1949 repressit,
1222 1916 1342 1938 verum
1364 1905 1475 1949 coegit
1498 1915 1574 1948 quae
1590 1915 1642 1937 ce-

342 1979 474 2021 pissent
491 1979 681 2012 restituere.
721 1978 915 2011 Secundum
939 1978 1013 2011 haec
1030 1977 1130 2016 facta,
1149 1977 1362 2010 sacerdotum
1381 1976 1512 2019 synodo
1529 1976 1641 2008 varias

338 2050 446 2084 edidit
464 2051 656 2083 sanctiones
674 2061 737 2094 pro
754 2050 929 2094 religionis
947 2049 1195 2088 observatione,
1212 2060 1276 2092 pro
1293 2049 1403 2081 divini
1421 2049 1533 2081 cultus
1558 2058 1641 2091 aug-

339 2127 456 2154 mento
471 2132 480 2161 3
509 2127 746 2166 aequassetque
767 2123 898 2165 priores
918 2121 1105 2165 pontifices,
1122 2121 1361 2166 religiosarum
1378 2124 1412 2153 et
1429 2119 1640 2152 urbanarum

340 2194 514 2227 actionum
533 2194 727 2228 celebritate
738 2199 772 2228 et
788 2194 909 2239 gloria,
927 2194 955 2227 si
973 2204 1053 2232 non,
1070 2192 1212 2227 fortuna
1228 2193 1271 2225 ad
1288 2192 1420 2235 majora
1431 2195 1583 2229 vocante,
1598 2191 1640 2223 ad
