1955 2807
338 340 378 367 76
798 333 1195 364 ABERDONENSIUM

387 445 467 478 Jam
485 455 564 487 quae
582 443 761 476 wilhelmi
780 443 863 481 vita,
881 448 915 476 et
932 443 1043 486 qualis
1062 443 1133 486 ipse
1150 442 1267 480 fuerit,
1284 447 1318 474 et
1336 443 1492 485 privatus
1510 448 1544 476 et
1557 445 1642 487 pub-

338 518 433 554 licus,
459 516 596 548 brevius
622 526 727 559 quam
751 526 804 548 res
831 515 1025 558 expostulet
1053 514 1334 552 monstravimus,
1360 518 1399 546 ut
1426 525 1502 547 cum
1531 516 1642 548 omnis

339 588 589 620 commendatio
617 598 634 619 e
664 588 736 619 vita
767 592 939 625 nascatur,
965 597 1043 629 quae
1070 586 1190 618 vivens
1215 586 1370 630 gesserit,
1397 586 1507 619 laudis
1534 588 1643 630 gloria

339 661 453 693 virum
484 660 627 704 dignum
659 660 851 692 ostendant.
905 658 1005 697 Quod
1036 659 1064 691 si
1095 669 1197 701 quem
1227 658 1438 691 laudandum
1469 663 1642 701 putamus,

340 733 399 775 qui
425 733 536 765 multa
562 732 703 765 honeste
729 731 921 769 confecerit,
940 730 1101 763 maximis
1120 731 1156 762 in
1174 729 1275 762 rebus
1294 741 1370 762 cum
1390 731 1490 763 laude
1508 741 1641 763 summa

338 805 443 837 fuerit
467 810 635 842 versatus,
660 805 808 837 occurrit
839 803 939 836 nobis
968 801 1188 840 wilhelmus,
1216 802 1275 845 qui
1303 803 1472 835 industria
1502 814 1644 847 magna-

339 887 416 909 rum
434 887 550 909 rerum
577 875 863 908 conficiendarum
884 885 970 917 pene
994 884 1111 906 omnes
1137 884 1210 906 snae
1235 874 1348 906 aetatis
1371 875 1556 917 superavit.
1607 875 1642 907 Si

339 948 477 990 quidem
495 957 574 979 eum
595 947 827 979 extollendum
846 946 1090 983 censuerimus,
1118 946 1177 988 qui
1196 945 1261 977 Dei
1280 946 1534 978 venerationem
1559 951 1644 978 tem-

338 1019 404 1061 plis
422 1018 631 1051 aedificandis
655 1018 799 1061 aliisque
816 1019 881 1061 piis
900 1017 1060 1061 operibus
1086 1018 1343 1055 instauraverit,
1362 1017 1567 1051 Christianae
1593 1030 1645 1052 re-

338 1090 475 1134 ligionis
502 1090 590 1122 ritus
614 1091 804 1122 restituerit
830 1089 986 1127 abolitos,
1013 1089 1194 1121 hominum
1221 1090 1465 1132 compescuerit
1496 1096 1643 1132 peccata,

339 1161 529 1194 doctrinam
557 1166 711 1194 sanctam
741 1161 894 1199 coluerit,
921 1166 953 1193 et
981 1161 1024 1193 ad
1051 1159 1116 1193 Dei
1142 1161 1273 1193 cultum
1305 1162 1482 1193 doctorum
1509 1163 1645 1195 auxerit

340 1242 535 1270 numerum,
554 1225 761 1265 VVilhelmus'
788 1243 924 1276 quoque
946 1233 1094 1265 occurrit
1121 1232 1242 1271 nobis3
1270 1232 1304 1264 id
1322 1232 1448 1264 etenim
1468 1233 1533 1265 viri
1557 1238 1643 1272 acta,

340 1315 418 1347 quae
444 1315 659 1337 communem
683 1304 863 1337 hominum
891 1304 1087 1337 facultatem
1114 1304 1312 1347 longissime
1336 1314 1499 1346 superare
1522 1310 1645 1337 utcun-

340 1386 406 1418 que
432 1375 654 1413 ostendimus,
673 1376 746 1408 luce
764 1386 870 1418 prope
891 1376 971 1407 solis
993 1375 1118 1407 clarius
1141 1375 1389 1407 demonstrant.
1440 1375 1598 1418 Denique
1615 1377 1644 1409 si

340 1457 442 1489 quem
460 1447 721 1480 immortalitate
734 1447 1007 1491 judicaverimus
1025 1447 1170 1490 dignum
1189 1446 1232 1478 ob
1250 1446 1426 1485 virtutem,
1445 1452 1506 1480 aut
1531 1448 1644 1491 siquid

339 1518 384 1550 sit
401 1518 530 1551 virtute
556 1519 789 1561 praestantius,
816 1519 875 1562 qui
902 1519 1136 1561 incorruptam
1163 1518 1436 1557 adolescentiam,
1458 1520 1641 1563 juventam

339 1591 547 1632 praeclaram,
559 1590 892 1634 irreprehensibilem
912 1595 1132 1629 senectutem,
1147 1601 1264 1623 omnes
1277 1590 1355 1623 vitae
1368 1592 1497 1634 gradus
1511 1592 1643 1634 pudice,

339 1662 403 1704 pie,
430 1662 574 1706 integre,
601 1666 635 1695 et
660 1667 776 1695 sancte
801 1663 922 1707 egerit,
948 1662 1035 1695 nihil
1061 1667 1199 1695 tentans
1225 1662 1423 1695 Christiano
1449 1664 1642 1707 indignum,

339 1733 394 1765 hic
417 1744 552 1777 quoque
578 1733 787 1767 WVilhelmus
810 1735 899 1767 idem
927 1735 1083 1768 occurrit.
1135 1734 1342 1767 Adolescens
1368 1736 1470 1772 enim,
1492 1736 1642 1778 juvenis,

339 1805 432 1837 omni
451 1806 597 1849 denique
615 1811 728 1845 aetate,
746 1817 782 1839 se
800 1811 912 1839 totum
932 1807 1054 1839 virtuti
1081 1806 1349 1839 accommodavit
1366 1818 1373 1837 ε
1400 1806 1542 1839 verbum
1570 1813 1643 1840 tur-

339 1877 516 1918 pitudinis,
542 1878 683 1920 perinde
709 1883 812 1921 atque
841 1879 1092 1921 turpitudinem
1118 1878 1239 1920 ipsam,
1269 1888 1403 1920 semper
1429 1878 1641 1917 detestatus;

338 1948 522 1981 mulierum
541 1959 760 1993 congressum
779 1955 813 1982 et
830 1950 986 1992 publicus
1004 1954 1037 1982 et
1054 1950 1210 1992 privatus
1229 1949 1419 1982 obhorruit.
1445 1950 1640 1984 Salutiferae

339 2019 469 2052 Christi
498 2021 666 2064 passionis
692 2021 864 2064 frequenti
893 2021 1125 2054 delectabatur
1148 2023 1479 2060 commemoratione,
1506 2023 1547 2055 de
1573 2034 1641 2066 qua

339 2092 458 2123 solitus
476 2097 549 2125 erat
567 2096 601 2125 et
618 2093 715 2126 docte
733 2098 767 2126 et
792 2094 847 2136 pie
875 2093 1079 2131 concionari,
1105 2098 1208 2135 atque
1234 2098 1366 2125 noctem
1393 2104 1495 2136 quam
1523 2100 1639 2126 sancta

339 2162 410 2194 dies
429 2162 572 2197 Veneris
587 2169 637 2197 est
656 2170 782 2203 secuta,
796 2165 943 2198 cilicium
958 2165 1110 2202 indutus,
1130 2165 1194 2207 piis
1206 2164 1362 2207 precibus
1376 2165 1497 2197 ducere
1514 2165 1640 2197 insom-

339 2243 426 2265 nem.
473 2234 581 2268 Dulce
607 2247 731 2269 nomen
761 2236 839 2269 Iesu
869 2247 1045 2279 nunquam
1075 2237 1200 2268 excidit
1233 2236 1358 2273 animo,
1392 2236 1483 2278 quod
1513 2236 1567 2268 die
1602 2247 1640 2268 ac
