1955 2807
649 311 981 343 EPISCOPORUM
1003 310 1131 340 VITAE.
1526 310 1544 336 9

238 424 421 457 centesimo
434 423 708 467 quadragesimo.
763 421 956 464 Episcopus
974 419 1114 452 effectus
1131 418 1327 463 religiosam
1345 417 1454 450 vitam
1472 427 1541 449 non
1560 416 1603 449 A.
1617 415 1659 448 D.
1680 417 1783 447 1240.

238 497 344 534 exuit,
362 495 421 528 sed
439 495 553 528 induit
570 494 762 531 arctiorem,
780 504 820 525 ea
837 496 931 525 veste
949 497 1010 524 aut
1027 496 1117 524 certe
1135 490 1249 523 viliori
1263 501 1332 533 qua
1349 493 1451 522 antea
1467 499 1547 522 con-

239 572 365 606 tentus,
397 567 519 611 majori
549 567 650 609 longe
680 565 746 597 cibi
775 564 1010 607 parsimonia:
1040 563 1172 595 labores
1198 562 1304 595 subiit
1335 562 1546 599 innumeros,

239 640 409 673 dioecesim
433 638 534 681 pedes
558 637 737 670 lustrando
760 646 803 668 ne
826 635 948 680 religio
966 635 1020 667 vel
1042 635 1079 667 in
1096 634 1241 667 minimo
1259 634 1546 671 labefacta1·etur;

238 712 433 755 intelligens
452 710 506 742 vir
523 713 661 742 sanctus
675 708 872 752 episcopum
886 707 1007 740 debere
1019 707 1092 739 vita
1111 717 1183 739 esse
1200 705 1548 749 irreprehensibilem,

238 784 297 826 qui
311 784 391 827 jure
408 793 554 826 praeesse
578 786 703 825 posset,
729 785 769 814 ut
795 781 971 824 prodesset
996 790 1065 812 non
1088 779 1200 811 solum
1223 778 1289 811 sibi
1316 778 1375 811 sed
1401 782 1435 810 et
1462 778 1547 810 aliis.

238 855 393 888 Tandem
412 854 553 888 obtento
580 854 672 897 apud
689 864 805 898 regem
831 857 871 886 ut
896 863 1037 885 nemora
1059 862 1122 884 sua
1145 851 1187 883 de
1206 850 1295 883 Bras
1313 855 1347 883 et
1366 850 1546 883 Feterneir

238 939 315 960 cum
338 928 430 972 agris
448 938 469 960 a
486 931 690 959 venatorum
713 926 841 970 injuria
864 928 976 957 essent
999 924 1169 956 immunia
1192 922 1311 966 (quam
1332 922 1475 955 liberam
1498 921 1548 954 fo-

240 1005 365 1034 restam
384 1001 489 1044 vulgo
507 1000 667 1043 dicimus)
686 1009 777 1031 anno
794 1002 916 1031 octavo
933 1001 1011 1040 post
1032 997 1158 1029 initum
1177 1006 1304 1028 munus
1322 994 1548 1038 pontificium,

239 1073 328 1105 diem
348 1072 433 1105 obiit
451 1076 653 1109 extremam,
671 1070 862 1103 Alexandri
887 1069 1027 1101 secundi
1045 1079 1136 1100 anno
1154 1068 1337 1100 tricesimo.

288 1216 329 1248 In
343 1217 448 1261 hujus
462 1215 632 1259 pontificis
647 1216 760 1247 locum
774 1214 975 1247 clericorum
992 1212 1167 1257 suffragiis
1182 1212 1340 1255 pervenit
1356 1210 1551 1243 PETRUS

238 1289 305 1321 DE
330 1288 582 1327 RAMSAYO,
606 1288 700 1321 omni
724 1286 983 1329 disciplinarum
1002 1295 1127 1329 genere
1148 1284 1314 1316 eruditus.
1366 1282 1446 1321 Qui,
1465 1283 1553 1315 inito

238 1361 451 1405 pontificatu,
478 1361 597 1393 divino
615 1360 724 1392 cultui
741 1359 896 1392 intentus
914 1368 1021 1390 sacrae
1038 1356 1296 1389 Aberdonensis
1317 1355 1418 1394 sedis,
1443 1355 1554 1388 trede-

240 1434 306 1466 cim
324 1433 493 1477 regularis
512 1433 595 1465 vitae
614 1432 697 1464 viris
723 1430 917 1472 (canonicos
935 1430 1074 1473 vocant)
1101 1439 1187 1472 quos
1213 1428 1256 1461 ab
1274 1427 1441 1460 Eduardo
1466 1427 1555 1470 epis-

242 1516 326 1548 copo
344 1505 442 1548 quasi
467 1504 656 1537 confratres
679 1504 723 1536 ad
747 1503 866 1536 divina
889 1501 1089 1545 exequenda
1111 1500 1301 1538 institutos,
1325 1500 1393 1532 alio
1416 1500 1454 1532 in
1477 1500 1552 1532 loco

242 1577 524 1621 significavimus,
549 1576 791 1609 ecclesiasticos
809 1585 889 1607 suos
907 1574 1062 1607 redditus
1088 1577 1140 1606 est
1165 1573 1326 1616 partituS,
1353 1572 1433 1604 solis
1459 1572 1553 1616 agris

243 1660 321 1683 cum
342 1649 481 1692 praediis
505 1649 549 1681 ad
572 1652 732 1691 sumptus
759 1647 823 1680 sibi
847 1647 1014 1685 retentis3
1041 1650 1139 1679 ratus
1163 1656 1203 1678 eo
1229 1645 1331 1678 modo
1359 1645 1555 1677 consultum

242 1723 285 1755 iri
302 1722 481 1766 religionis
499 1725 696 1766 augmento.
748 1719 871 1752 Sanxit
895 1724 929 1752 et
957 1717 1201 1762 (applaudente
1219 1718 1322 1760 clero)
1348 1721 1388 1749 ut
1411 1717 1555 1759 templo-

243 1805 322 1827 rum
339 1794 530 1827 sacerdotes
549 1794 593 1826 ad
611 1792 803 1837 pontificios
820 1795 992 1835 sumptus,
1016 1791 1052 1823 in
1075 1801 1183 1823 annos
1201 1790 1356 1834 singulos
1374 1788 1554 1831 pecum'am

243 1868 441 1911 penderent.
492 1867 551 1900 Ad
568 1867 679 1900 divini
698 1866 800 1899 etiam
820 1865 932 1898 cultus
957 1867 1183 1908 augmentum
1202 1862 1316 1895 varias
1334 1861 1443 1894 edidit
1460 1871 1556 1894 sanc-

242 1941 362 1973 tiones.
403 1939 489 1972 Haec
506 1944 541 1973 et
557 1940 668 1973 multa
687 1939 755 1972 alia
774 1937 835 1972 ubi
859 1937 1047 1981 peregisset
1064 1947 1144 1979 quae
1162 1935 1204 1968 ad
1223 1935 1394 1978 optimum
1411 1933 1549 1977 pontifi-

240 2022 312 2045 cem
338 2011 568 2054 pertinebant,
593 2011 691 2044 fatali
716 2011 917 2044 necessitate
943 2009 1099 2042 sublatus
1126 2012 1187 2046 est,
1217 2011 1400 2050 postquam
1431 2006 1546 2038 decem

239 2084 373 2117 sederat
390 2095 508 2122 annos,
527 2083 719 2116 Alexandri
742 2083 835 2116 tertii
858 2093 949 2115 anno
967 2082 1100 2124 quinto.
1153 2079 1257 2112 Hunc
1275 2079 1452 2122 privatum
1475 2088 1547 2110 mo·
1564 2075 1608 2109 A.
1622 2077 1664 2109 D.
1686 2078 1787 2109 1254.

239 2156 388 2190 nachum
405 2156 722 2189 Aberbrothensem
741 2155 846 2188 fuisse
864 2157 1073 2187 asseverant.

880 2234 902 2258 B
