1955 2807
713 317 1044 349 EPISCOPORUM
1067 316 1197 348 VITAE.
1574 317 1613 343 69

306 424 488 457 ritualibus
506 435 750 467 sacrorumque
764 423 936 457 codicibus
950 423 1124 461 adhibitis,
1139 426 1180 455 ut
1193 421 1281 454 nihil
1294 431 1364 453 non
1378 420 1613 465 Anglicanum

305 497 396 529 inter
412 501 548 529 nostros
566 497 665 529 laude
682 496 829 539 dignum
847 496 1005 538 deinceps
1023 495 1249 527 inveniretur.

353 567 487 601 Praeter
498 568 572 600 haec
582 578 686 610 opera
699 567 814 599 civilia
827 570 860 599 et
874 567 1044 610 religiosa,
1056 565 1264 599 wilhelmus
1280 564 1459 602 familiam,
1473 564 1564 597 unde
1579 565 1609 596 ei

305 641 412 685 origo,
422 640 612 682 plurimum
624 639 722 671 auxit
735 643 769 670 et
783 638 921 671 ornavit
933 648 942 676 ς
958 638 1077 670 multis
1091 638 1151 680 qui
1164 636 1408 680 Elphinstonae
1420 641 1519 668 erant
1532 646 1615 680 gen-

304 713 359 750 tis,
370 716 431 744 aut
441 711 577 754 praediis
589 711 711 754 amplis
724 714 785 743 aut
797 710 994 743 sacerdotiis
1002 709 1237 742 ecclesiasticis
1249 708 1395 745 donatis,
1407 708 1614 750 complures-

302 794 380 826 que,
397 783 441 816 ob
458 788 635 826 expertam
653 782 765 821 fidem,
784 782 974 826 ingenium,
992 782 1144 824 aliasque
1162 784 1367 824 praestantes
1381 779 1487 811 animi
1506 780 1613 817 dotes,

301 855 427 898 quibus
438 855 474 888 in
488 854 633 898 publicis
648 859 682 887 et
695 855 841 898 privatis
855 854 1002 898 negotiis
1014 853 1220 886 familiarius
1232 852 1404 889 utebatur,
1419 850 1462 884 ab
1475 851 1556 883 exili
1570 852 1612 883 ad

301 928 499 971 opulentam
517 927 692 961 fortunam
711 928 869 971 provexit
885 937 894 966 3
915 938 1057 960 monens
1075 926 1291 970 frequentius
1310 930 1349 957 ut
1368 924 1543 957 fortunam
1562 935 1614 957 re—

301 1004 460 1033 verenter
477 1000 654 1038 haberent,
672 1010 839 1032 memores
857 999 948 1031 unde
966 998 1139 1043 progressi
1157 1002 1291 1035 essent;
1317 996 1389 1030 fore
1407 1001 1446 1029 ut
1464 997 1539 1039 ipso
1556 997 1613 1028 de-

299 1071 419 1105 functo
443 1083 512 1104 11011
531 1072 606 1116 jam
624 1076 798 1104 maternas
816 1071 951 1114 plumas
975 1075 1009 1103 et
1034 1070 1163 1113 patrias
1181 1070 1330 1108 delicias,
1356 1069 1414 1101 sed
1438 1069 1611 1111 asperiora

298 1146 400 1188 longe
422 1144 674 1186 experirentur,
698 1147 1005 1186 quantumcunque
1029 1143 1104 1186 ejus
1127 1152 1230 1175 causa
1247 1141 1491 1174 benevolentiae
1518 1141 1610 1183 apud

299 1226 418 1248 omnes
428 1214 575 1248 fuissent
585 1215 769 1248 consecuti.
800 1214 1046 1247 Praedicatores
1060 1213 1196 1251 fratres,
1212 1213 1378 1250 Minores,
1394 1212 1610 1250 Carmelitas,

300 1291 506 1330 caeterosque
520 1287 594 1330 pios
611 1287 787 1331 religionis
799 1286 1033 1319 observationi
1047 1286 1191 1324 deditos,
1205 1285 1369 1328 impensis
1383 1285 1488 1328 juvit,
1503 1284 1545 1316 ad
1561 1284 1612 1316 vi-

297 1364 368 1392 tam
388 1360 545 1391 alendam
564 1364 598 1391 et
616 1360 702 1391 aedes
727 1359 930 1391 condendas.
984 1358 1067 1390 Haec
1090 1358 1198 1390 ferme
1215 1357 1395 1389 Wilhelmi
1414 1367 1518 1399 opera
1534 1367 1611 1399 per-

297 1435 402 1473 petuo
420 1430 577 1463 habenda
594 1430 769 1463 memoria.
822 1430 918 1463 Inter
935 1441 1026 1473 quae,
1050 1440 1127 1462 cum
1146 1439 1252 1472 prope
1270 1428 1414 1461 infinitis
1438 1428 1610 1471 opprime-

296 1507 392 1535 retur
415 1503 516 1541 curis,
540 1513 719 1545 nunquam
744 1507 861 1535 tamen
884 1502 927 1534 ab
950 1513 987 1535 re
1010 1502 1128 1534 divina
1146 1502 1300 1534 animum
1319 1502 1470 1538 avertit3
1498 1511 1608 1543 neque

292 1575 432 1618 juvenis
458 1585 568 1618 neque
594 1585 708 1613 senex,
734 1575 891 1618 publicus
918 1578 979 1607 aut
1003 1575 1172 1617 privatus,
1194 1585 1266 1606 sese
1290 1573 1462 1605 abdicavit
1488 1573 1606 1606 literis.

296 1646 418 1685 Senex,
445 1646 503 1679 ubi
534 1646 682 1679 dabatur
711 1648 833 1686 otium,
861 1658 968 1680 sacrae
999 1647 1178 1690 scripturae
1208 1645 1454 1683 voluminibus,
1486 1656 1609 1678 monu-

295 1719 420 1751 mentis
439 1719 698 1762 prophetarum,
716 1720 961 1762 apostolorum,
979 1719 1208 1762 interpretum
1223 1729 1401 1751 sacrorum
1415 1718 1605 1755 doctorum,

294 1801 544 1833 nonnunquam
562 1791 860 1834 philosophorum,
883 1802 963 1835 quae
981 1791 1024 1824 ad
1042 1791 1177 1824 beatam
1197 1791 1388 1834 praesertim
1409 1790 1605 1822 conducunt

295 1863 414 1900 vitam,
432 1863 617 1896 admodum
637 1863 879 1896 delectabatur.
908 1863 1046 1896 Interea
1069 1873 1206 1896 summo
1230 1863 1312 1900 otio,
1336 1872 1473 1894 summa
1491 1872 1605 1894 versa-

295 1933 397 1966 batur
420 1935 670 1977 tranquillitate
693 1935 796 1973 solus,
823 1935 882 1968 ubi
903 1935 991 1968 nihil
1008 1935 1039 1968 ei
1056 1946 1126 1968 non
1145 1935 1333 1978 voluptatis
1352 1935 1502 1977 plenum.
1548 1933 1603 1965 Eo

293 2006 329 2038 in
347 2006 418 2039 otio
436 2010 470 2038 et
494 2007 688 2045 solitudine,
709 2018 823 2040 secum
842 2018 1092 2050 nonnunquam
1110 2007 1327 2050 loquebatur,
1354 2017 1470 2038 secum
1490 2006 1603 2038 discu-

292 2077 399 2110 tiebat
413 2078 454 2110 de
466 2077 629 2116 moribus,
647 2079 688 2110 de
703 2079 786 2116 vita,
804 2079 844 2111 de
859 2079 1000 2111 honeste
1016 2079 1154 2111 vivendi
1173 2078 1350 2121 praeceptis
1369 2087 1376 2109 ε
1395 2077 1459 2110 hoc
1477 2077 1601 2115 otium,

291 2150 362 2182 haec
380 2149 558 2182 wilhelmi
582 2151 741 2183 solitudo.
784 2150 1088 2193 Splendidissimus
1108 2150 1176 2183 fuit
1194 2150 1230 2182 111
1249 2149 1390 2182 familiae
1409 2150 1523 2182 victu:
1543 2150 1600 2181 vix

290 2232 445 2266 unquam
459 2222 614 2255 coenabat
628 2223 737 2255 sinon
752 2222 870 2256 multis
884 2222 1104 2266 magnatibus
1119 2222 1277 2260 sociatus,
1292 2232 1426 2265 semper
1439 2221 1579 2264 opipare
1594 2231 1601 2252 :
