1955 2807
363 343 404 371 84
820 337 1215 369 ABERDONENSIUM

364 455 426 488 set,
451 458 578 482 munus
603 447 754 481 maxime
780 447 859 480 iniit
877 447 1103 490 pontificium,
1127 457 1199 479 sese
1222 447 1259 479 in
1276 446 1409 490 collegii
1433 446 1575 489 aliisque
1598 457 1667 480 me-

362 521 503 554 moratis
529 520 630 553 rebus
656 531 735 563 quae
761 530 903 552 suarum
928 519 1080 562 partium
1104 518 1228 556 forent,
1255 523 1410 551 accurate
1428 517 1664 561 vigilaturum,

360 592 519 626 futurum
538 592 697 625 omnibus
717 591 908 632 (literarum
934 591 1084 624 maxime
1110 590 1286 633 studiosis)
1305 590 1401 633 pium
1427 594 1572 632 patrem,
1598 589 1666 622 uti-

358 665 494 707 lemque
511 668 693 707 pastorem.
744 663 866 706 Neque
892 663 1104 696 arbitrentur
1122 673 1156 694 se
1175 662 1281 694 alium
1300 660 1493 704 pontificem
1513 661 1664 704 adeptos,

357 738 386 769 si
412 748 481 770 non
507 738 567 781 qui
593 742 670 780 post
687 737 883 780 episcopum
902 735 1131 768 lVilhelmum
1157 734 1326 767 secundus
1344 734 1485 777 collegio
1506 733 1663 766 conditor

355 815 443 843 esset
459 809 610 843 futurus.
663 808 750 841 Haec
767 809 808 840 de
826 819 865 840 eo
883 807 1072 845 sentirent3
1099 805 1172 839 fore
1189 805 1282 838 haud
1300 805 1402 838 dubie
1419 810 1459 838 ut
1478 805 1549 837 haec
1568 805 1604 837 in
1622 816 1662 837 eo

352 882 604 924 experirentur.

398 953 593 986 Secundum
616 952 700 991 haec,
725 952 837 985 soluta
854 951 1015 984 concione
1039 951 1180 983 domum
1203 948 1356 992 undique
1378 952 1430 981 est
1450 958 1658 981 concessum.

352 1025 524 1058 Postridie
554 1035 631 1058 cum
664 1025 813 1057 venisset
844 1023 1001 1056 Gavinus
1032 1021 1188 1065 pontifex
1217 1022 1254 1054 in
1284 1021 1476 1065 collegium,
1503 1021 1657 1064 singulas

348 1097 422 1140 ejus
447 1098 537 1129 aedes
564 1096 695 1135 revisit,
722 1106 819 1128 sacra
837 1106 920 1128 vasa
937 1099 972 1128 et
989 1099 1212 1128 ornamenta:
1239 1094 1282 1126 ad
1309 1104 1388 1126 suos
1415 1093 1494 1126 inde
1518 1102 1658 1125 conver-

347 1180 416 1207 sus,
436 1168 523 1201 Haec
541 1168 684 1211 (inquit)
705 1168 827 1210 optimi
846 1167 928 1200 olim
947 1166 1117 1210 pontificis
1136 1165 1315 1198 Wilhelmi
1339 1165 1549 1197 desiderium
1570 1164 1656 1197 mihi

346 1240 439 1273 haud
457 1241 530 1273 sine
547 1241 663 1273 dolore
680 1243 905 1272 renovarunt.
959 1237 1065 1271 Hunc
1083 1238 1174 1271 enim
1201 1237 1255 1270 his
1282 1236 1424 1275 aedibus,
1450 1247 1654 1280 quocunque

345 1323 399 1345 me
426 1317 533 1350 verto,
553 1312 679 1350 animo,
703 1311 795 1344 hunc
818 1311 935 1348 oculis,
961 1311 1109 1354 requiro.
1161 1309 1282 1343 Libuit
1308 1309 1447 1342 tandem
1466 1306 1653 1341 VVilhelmi

344 1384 492 1427 episcopi
511 1383 733 1427 sepulchrum
754 1382 882 1420 videre,
907 1383 966 1415 sed
984 1382 1110 1414 vidisse
1134 1381 1308 1424 poenituit.
1359 1379 1426 1412 Est
1443 1380 1534 1412 enim
1558 1381 1651 1412 locus

344 1455 516 1498 tapetibus
543 1460 683 1493 stratus,
701 1455 796 1487 nullo
814 1454 926 1486 adhuc
943 1454 1075 1486 decenti
1092 1456 1317 1486 monumento
1334 1456 1486 1484 ornatus.
1537 1451 1650 1484 Subiit

343 1528 434 1560 illico
452 1527 621 1570 pontificis
645 1527 800 1560 animum
821 1526 1015 1570 indignatio
1033 1536 1111 1558 cum
1135 1524 1365 1562 miseratione,
1383 1524 1471 1556 tanti
1490 1524 1555 1556 viri
1574 1524 1651 1556 reli-

343 1601 442 1643 quias
456 1600 638 1645 neglectas,
656 1600 728 1632 sine
746 1599 895 1637 nomine,
914 1598 987 1631 sine
1005 1597 1127 1630 celebri
1145 1601 1379 1635 monumento,
1400 1597 1524 1640 jacere,
1551 1596 1649 1639 cujus

343 1672 509 1705 memoria
526 1676 659 1704 tantam
679 1671 771 1704 orbis
788 1675 922 1714 partem
941 1674 1162 1714 parvagatur.
1197 1668 1247 1702 Et
1263 1668 1391 1706 abiens,
1408 1667 1487 1700 Heu
1507 1668 1648 1710 (inquit)

343 1750 412 1776 tam
425 1754 540 1777 raram
552 1744 588 1776 in
602 1744 720 1776 amicis
729 1742 829 1776 fidem
842 1753 851 1781 3
864 1747 935 1775 tam
947 1746 1102 1785 paratam
1115 1741 1322 1774 oblivionem
1333 1744 1558 1773 mortuorum.
1582 1738 1650 1771 Re-

342 1815 405 1848 bus
423 1816 539 1858 itaque
557 1815 684 1848 nostris
698 1815 913 1847 consulemus
931 1814 1086 1846 viventes
1103 1823 1111 1845 ι
1128 1812 1256 1845 mortui
1275 1811 1463 1844 amicorum
1481 1810 1647 1843 memoria

342 1887 409 1920 cito
426 1887 607 1920 excessuri.
652 1886 717 1919 Cui
737 1897 807 1919 non
825 1886 978 1918 timenda
995 1885 1070 1918 haec
1087 1884 1226 1928 injuria,
1243 1894 1322 1927 quae
1340 1882 1530 1915 Wilhelmo
1548 1881 1646 1915 nobis

341 1958 557 1991 cernentibus
576 1958 698 1991 accidit
709 1957 725 1989 ἶ)
743 1957 930 2002 indignior,
947 1957 1066 1999 procul
1084 1955 1199 1994 dubio,
1216 1955 1399 1997 notiorque
1417 1953 1578 1987 omnibus
1590 1952 1644 1985 fu-

340 2036 429 2069 tura,
447 2041 515 2074 quo
533 2031 645 2074 major
663 2030 751 2062 tanti
769 2029 836 2062 viri
853 2028 959 2062 fuerit
977 2029 1124 2061 claritas.
1155 2027 1293 2060 Exinde
1310 2026 1461 2059 decrevit
1475 2024 1642 2062 Gavinus,

338 2102 404 2144 piis
416 2102 576 2145 operibus
589 2107 693 2145 atque
706 2101 874 2146 religiosis
886 2101 1050 2139 intentuS,
1061 2100 1314 2133 immortalitati
1326 2099 1510 2132 consulere.
1529 2097 1640 2135 Quar-

338 2178 373 2205 to
390 2174 513 2207 dehinc
535 2175 589 2206 die
607 2174 795 2216 conspectis
819 2184 899 2216 quae
921 2173 964 2206 ad
986 2172 1094 2216 Deyae
1118 2171 1231 2215 pontis
1249 2171 1477 2204 conditionem
1495 2166 1640 2201 wilhel-

336 2255 414 2278 mus
439 2251 632 2287 paraverat,
658 2246 809 2289 collegio,
843 2245 974 2278 aedibus
1000 2255 1136 2287 quoque
1163 2244 1237 2288 ejus
1264 2244 1300 2275 in
1324 2240 1459 2279 vicinia,
1489 2250 1636 2283 quarum
