1955 2807
740 317 1070 350 EPISCOPORUM
1094 317 1220 347 VITAE.
1594 320 1630 347 81

330 427 567 470 pontificatum
593 428 716 470 aptior,
735 432 796 460 aut
821 432 855 460 te
880 427 1028 471 dignior,
1052 427 1200 459 inveniri
1225 424 1419 468 potuisset?
1446 424 1515 462 Qui
1543 425 1634 457 enim

331 499 404 537 tibi,
422 504 482 532 aut
500 500 631 532 consilii
654 499 846 537 altitudine,
870 504 931 531 aut
955 508 1091 530 morum
1109 498 1291 542 gravitate,
1317 502 1378 529 aut
1399 496 1548 540 justitia,
1574 502 1635 529 aut

329 571 475 614 denique
493 571 576 604 vitae
594 571 831 607 sanctimonia,
850 569 998 602 conferri
1018 570 1136 612 possit,
1154 569 1329 602 inveniam
1348 569 1530 602 neminem.
1566 568 1636 601 Im-

328 643 489 675 mortales
520 643 596 675 ideo
624 642 687 675 tibi
717 641 885 675 debentur
910 642 1034 685 gratiae
1066 639 1208 683 (optime
1235 640 1343 683 Deus)
1372 641 1431 683 qui
1462 646 1635 683 pastorem

328 713 568 746 Aberdonensi
594 714 691 758 gregi
719 718 771 746 tot
801 714 975 756 tantisque
1005 712 1195 745 virtutibus
1229 717 1464 745 coruscantem
1499 713 1634 751 dedisti,

326 785 387 828 qui
405 796 474 818 non
491 786 602 818 solum
620 796 663 818 ex
680 785 839 818 omnibus
857 786 948 829 eligi,
974 790 1008 818 et
1025 784 1068 817 ab
1086 784 1246 817 omnibus
1264 784 1421 817 debuerit
1438 784 1633 827 approbari,

327 867 447 890 verum
467 858 626 891 omnibus
644 858 812 896 venerari,
830 857 989 890 omnibus
1008 856 1171 899 anteponi
1184 856 1264 900 jure
1283 855 1459 888 meruerit.
1507 856 1574 888 Sed
1592 867 1634 888 ne

327 930 523 963 assentandi
542 935 659 963 notam
671 930 898 967 incurramuS,
917 940 937 961 a
950 940 1019 972 qua
1033 929 1185 972 optimus
1203 928 1350 971 quisque
1368 928 1558 970 plurimum
1575 927 1634 960 ab·

326 1002 492 1040 horreret,
516 1007 593 1035 tuas
611 1002 840 1045 amplissimas
860 1002 976 1034 laudes
995 1000 1193 1038 tacebimus,
1211 1010 1298 1043 quas
1316 1010 1475 1032 enarrare
1493 1000 1633 1042 perinde

326 1079 414 1107 esset
426 1081 529 1118 atque
540 1075 699 1107 immensi
712 1075 786 1107 caeli
798 1074 952 1117 singulas
966 1083 1213 1106 connumerare
1227 1072 1351 1104 stellas.
1381 1071 1429 1104 Et
1440 1072 1508 1105 duo
1519 1077 1634 1105 tamen

327 1157 471 1179 munera
487 1156 592 1189 quam
611 1145 811 1178 brevissime
828 1145 922 1178 obire
940 1145 1151 1178 conabimur.
1194 1144 1235 1177 In
1253 1145 1367 1187 priore
1384 1145 1553 1187 siquidem
1572 1145 1635 1178 tibi

325 1222 454 1261 tuoque
472 1218 636 1251 adventui
650 1217 914 1262 gratulabimur,
927 1217 1052 1250 devota
1069 1217 1250 1249 offerentes
1267 1216 1430 1259 obsequia
1445 1226 1454 1255 ;
1473 1217 1509 1249 in
1527 1218 1635 1250 altero

326 1290 541 1323 exactissime
550 1290 736 1328 orabimus,
750 1289 897 1333 praefato
905 1289 1057 1334 generali
1066 1290 1218 1333 collegio,
1231 1289 1323 1332 quod
1335 1288 1442 1322 felicis
1456 1290 1633 1322 memoriae

326 1360 534 1394 XVilhelmus
553 1367 634 1394 tuus
651 1366 844 1394 antecessor
864 1361 1042 1395 modestiae
1066 1372 1168 1394 causa
1191 1362 1305 1405 regale
1323 1362 1433 1394 voluit
1457 1362 1634 1405 appellari,

325 1434 467 1477 ejusque
486 1434 678 1467 vicinarum
696 1444 832 1477 quoque
850 1433 976 1466 aedium
996 1434 1038 1466 ad
1056 1433 1338 1466 scholasticorum
1356 1444 1457 1466 usum
1476 1444 1634 1466 consum-

326 1506 481 1544 mationi,
499 1510 560 1539 tua
583 1517 646 1549 pro
663 1506 832 1550 dignitate
853 1506 1022 1539 consulas.
1073 1505 1253 1544 Quantum
1271 1505 1369 1538 nobis
1387 1516 1504 1538 omnes
1522 1507 1634 1550 gavisi

323 1588 454 1616 sumus,
472 1583 619 1621 quantas
638 1577 712 1611 Deo
729 1578 860 1621 optimo
873 1578 1004 1623 gratias
1021 1577 1217 1616 habuimus,
1235 1578 1364 1621 praesul
1382 1588 1517 1621 semper
1534 1588 1635 1611 vene-

323 1649 440 1687 rande,
454 1660 562 1693 quum
576 1650 796 1683 laetissimum
809 1650 972 1683 nuntium
986 1650 1189 1693 accepimus,
1207 1655 1240 1683 te
1255 1661 1361 1683 sacrae
1376 1649 1633 1683 Aberdonensis

323 1721 412 1753 sedis
442 1722 640 1765 episcopum
669 1722 899 1766 designatum,
926 1722 1040 1755 verbis
1074 1723 1244 1766 explicare
1271 1723 1479 1766 nequimus3
1507 1723 1635 1766 quippe

322 1798 395 1825 tum
423 1794 584 1827 novimus
610 1795 780 1838 insignem
811 1794 910 1827 nobis
933 1795 1183 1828 moderatorem
1207 1796 1387 1833 delectum,
1415 1796 1476 1838 qui
1498 1795 1526 1828 si
1551 1796 1635 1838 quid

322 1865 528 1898 incommodi
545 1866 745 1899 turbulento
770 1867 834 1900 hoc
858 1872 1012 1910 tempore
1043 1867 1184 1912 indigne
1213 1868 1305 1910 passi
1331 1867 1473 1905 fuimus,
1501 1867 1534 1899 id
1564 1878 1635 1900 om-

324 1947 366 1968 ne
388 1937 471 1969 scite
494 1941 597 1980 atque
623 1939 811 1980 prudenter
838 1939 1011 1982 rependet,
1044 1939 1198 1972 literatos
1228 1939 1392 1977 tuebitur,
1415 1939 1556 1978 fovebit,
1578 1950 1635 1972 ex-

322 2009 418 2041 colet.
471 2007 658 2052 Extemplo
682 2009 725 2042 ob
752 2010 844 2043 hunc
861 2011 1035 2049 nuntium,
1059 2011 1188 2044 indicto
1207 2016 1379 2044 conventu
1396 2011 1543 2054 publico,
1560 2011 1635 2044 Deo

323 2081 440 2113 laudes
462 2081 699 2120 reddidimus3
726 2081 785 2115 ubi
811 2093 881 2115 uno
907 2083 1062 2115 omnium
1088 2093 1256 2116 consensu
1279 2084 1464 2122 decretum,
1491 2088 1531 2116 ut
1556 2094 1633 2117 cum

323 2152 474 2195 primum
498 2154 686 2186 reverenda
712 2158 773 2186 tua
791 2155 980 2196 paternitas
1003 2154 1070 2187 huc
1093 2155 1305 2194 adventaret,
1329 2155 1392 2189 tibi
1416 2157 1635 2200 congratula-

324 2234 462 2258 remur:
488 2225 613 2268 quibus
634 2230 668 2259 te
688 2236 780 2259 nunc
801 2230 1008 2269 praesentem
1035 2226 1260 2266 intuentibus,
1286 2227 1390 2261 verba
1408 2227 1534 2272 quibus
1559 2229 1634 2261 ani-

965 2300 988 2322 ι,
