1955 2807
747 336 1077 368 EPISCOPORUM
1101 336 1228 366 VITAE.
1602 341 1641 368 73

331 447 440 479 ridere
468 448 572 485 visus,
599 447 702 479 nullis
723 447 811 490 jocis
837 446 1036 484 delectatus,
1062 446 1176 483 nullis,
1204 446 1257 478 vel
1283 445 1457 483 modestis,
1483 445 1635 478 ridiculis

331 529 423 552 usus*-
476 518 580 552 Haud
607 519 716 551 multo
742 522 820 561 post
845 518 1038 560 primorum
1064 518 1180 550 concio
1208 516 1328 550 Perthi
1355 522 1406 550 est
1432 517 1571 556 indicta,
1597 524 1635 550 ut

331 590 528 633 reipublicae
546 590 790 622 consuleretur.
826 588 868 621 In
886 600 926 621 ea
939 588 1159 627 WVilhelmus,
1174 594 1208 621 et
1225 590 1467 622 canonicorum
1486 594 1519 622 et
1537 591 1635 634 regni

331 662 501 706 majorum
520 662 734 699 auctoritate,
752 660 868 694 Sancti
887 660 1036 693 Andreae
1054 660 1329 703 archiepiscopus
1353 661 1564 705 designatus,
1585 673 1637 694 re-

330 735 407 766 nuit
430 738 566 766 tantum
583 732 763 778 fastigium
787 737 994 771 constanter,
1011 732 1251 766 Aberdonensi
1277 733 1476 776 episcopatu
1499 739 1638 766 conten-

330 812 395 838 tus.
440 806 556 844 Quum
576 807 666 838 enim
685 810 784 838 tanta
801 805 980 849 magnifice
994 805 1078 838 adeo
1096 809 1223 849 ageret,
1241 810 1281 838 ut
1298 805 1365 838 viri
1384 816 1488 848 opera
1505 806 1636 838 cunctis

329 878 538 911 haberentur
555 889 618 921 pro
641 878 818 916 miraculo,
840 888 1018 920 nunquam
1037 881 1153 910 tamen
1179 877 1352 910 abbatiam
1370 878 1518 910 aliamve
1536 879 1639 911 eccle-

329 950 500 983 siasticam
519 949 762 993 praefecturam
781 948 834 991 (ut
855 960 947 982 nunc
965 950 1133 993 plerique)
1152 949 1449 982 commendatione
1466 954 1518 982 est
1535 950 1638 993 adep-

329 1028 396 1055 tus.
426 1022 661 1055 Aberdoniam
679 1033 715 1055 se
728 1022 885 1060 contulit,
899 1022 935 1054 in
953 1022 1067 1064 pontis
1082 1022 1246 1064 chorique
1264 1021 1470 1059 conditione,
1488 1032 1637 1064 quorum

329 1097 401 1128 loco
419 1095 511 1127 haud
530 1095 679 1127 multum
690 1094 840 1127 'distanti
858 1094 1067 1126 mentionem
1086 1093 1241 1131 fecimus,
1259 1098 1363 1136 atque
1381 1094 1456 1126 aliis
1475 1094 1541 1137 piis
1559 1105 1638 1137 ope-

331 1167 426 1200 ribus
444 1167 615 1210 reliquum
634 1167 717 1199 vitae
735 1170 1012 1209 consumpturus.
1048 1166 1218 1209 Cupiebat
1236 1166 1388 1209 optimus
1406 1171 1505 1209 pater
1523 1165 1639 1208 (modo

332 1239 505 1271 dedissent
522 1237 608 1281 fata)
626 1237 846 1276 Aberdoniae,
864 1237 923 1271 ubi
949 1238 1115 1281 primaria
1132 1239 1162 1270 ei
1189 1239 1296 1276 sedes,
1318 1238 1507 1281 tranquilla
1524 1239 1639 1281 quiete

332 1317 435 1354 atque
454 1312 534 1349 otio,
560 1311 652 1354 quod
670 1311 780 1343 multo
797 1315 971 1343 meruerat
989 1310 1114 1349 labore,
1131 1311 1240 1343 vitam
1259 1314 1375 1343 sancte
1393 1314 1427 1343 et
1448 1311 1637 1353 composite

331 1383 438 1415 finire.
467 1381 532 1414 Sed
551 1388 729 1415 revocatus
748 1382 790 1414 ad
809 1382 907 1426 regni
925 1382 1103 1425 primores,
1121 1382 1213 1425 quod
1231 1382 1374 1414 suborta
1390 1382 1482 1414 inter
1495 1392 1552 1415 eos
1573 1382 1641 1414 dis—

332 1455 419 1488 sidia
436 1454 564 1497 absque
581 1454 655 1498 ejus
673 1454 858 1497 praesentia
876 1454 987 1486 sedari
1005 1465 1074 1486 non
1093 1458 1263 1497 poterant,
1281 1453 1325 1486 ab
1342 1454 1477 1496 incepto
1495 1454 1639 1486 destitit.

335 1527 585 1560 Profectionem
607 1525 852 1559 dissuadebant
875 1526 975 1559 amici
995 1525 1085 1571 (jam
1104 1526 1195 1559 enim
1214 1531 1384 1570 aegrotare
1402 1527 1564 1569 coeperat)
1585 1536 1642 1558 ve-

334 1611 411 1632 rum
429 1600 496 1632 illis
514 1598 701 1642 respondit,
715 1609 750 1631 se
768 1609 836 1631 non
855 1599 966 1631 solum
984 1598 1049 1631 sibi
1068 1603 1200 1637 natum,
1218 1598 1277 1631 sed
1291 1603 1325 1631 et
1342 1599 1476 1642 patriae,
1494 1598 1639 1641 plusque

333 1671 530 1715 reipublicae
556 1682 660 1714 quam
686 1681 759 1703 suae
778 1670 899 1703 debere
921 1671 1049 1710 saluti3
1076 1682 1138 1703 nec
1156 1671 1365 1709 valetudine,
1391 1681 1453 1703 nec
1476 1668 1642 1713 quorum-

333 1754 467 1786 cunque
485 1754 590 1776 suasu
616 1742 861 1785 profectionem
887 1743 1088 1776 dilaturum.
1141 1742 1320 1775 Profectus
1338 1743 1454 1786 itaque
1473 1742 1642 1774 valetudi-

335 1817 462 1853 narius,
490 1816 601 1847 medio
619 1825 724 1858 prope
742 1815 864 1847 itinere
883 1815 1114 1848 invalescente
1134 1814 1228 1848 febre
1246 1814 1574 1859 Dunfermelingum
1592 1814 1642 1846 di-

336 1888 439 1919 vertit
457 1896 464 1918 :
490 1887 548 1919 ubi
567 1898 674 1930 quum
700 1887 832 1930 aliquot
858 1886 1075 1920 decubuisset
1096 1888 1178 1926 dies,
1197 1898 1298 1920 omne
1323 1899 1448 1920 aurum
1466 1892 1500 1920 et
1521 1898 1642 1930 argen-

336 1965 422 1997 tum,
440 1959 603 2002 quicquid
621 1959 724 1991 etiam
743 1959 962 2002 supellectilis
985 1959 1144 1998 habebat,
1167 1960 1211 1992 ad
1228 1960 1281 1992 sui
1300 1959 1433 2003 collegii
1456 1958 1640 2002 Deyaeque

334 2032 448 2074 pontis
476 2030 817 2068 consummationem,
847 2031 918 2063 suis
945 2042 1082 2074 quoque
1112 2032 1231 2064 amicis
1261 2032 1321 2074 qui
1349 2031 1498 2063 fortunis
1527 2030 1641 2063 minus

336 2102 568 2140 abundabant,
592 2101 869 2135 distribuendum
895 2107 1101 2135 testamento
1118 2103 1270 2147 legavit:
1297 2102 1444 2136 habebat
1461 2106 1537 2135 tum
1555 2100 1643 2135 v§Vil-

335 2175 469 2207 helmus
487 2175 563 2207 auri
582 2174 784 2218 argentique
801 2174 917 2207 decem
934 2174 1100 2207 librarum
1119 2174 1227 2208 millia
1251 2175 1287 2207 in
1305 2175 1467 2207 thesauro
1482 2184 1491 2213 3
1516 2178 1643 2217 praeter

337 2247 406 2280 haec
424 2247 535 2280 multa
552 2247 581 2279 ei
601 2246 784 2279 admodum
804 2247 955 2290 pretiosa
976 2247 1140 2290 supellex.
1188 2246 1436 2291 Edinburgum
1462 2247 1541 2279 inde
1567 2256 1646 2279 con-

970 2327 995 2351 K
