1955 2807
339 263 357 287 «1
782 256 1176 287 ABERDONENSIUM

511 585 696 617 HECTOR
717 583 915 616 BOETIUS
938 583 1244 614 DEIDONENSIS
1268 583 1329 613 DE
1354 583 1472 613 VITIS

635 666 917 698 PONTIFICUM
939 665 1348 696 ABERDONENSIUM.

392 790 698 825 MALCOLMUS
717 789 947 823 KENNETI
966 789 1145 822 Scotorum
1163 800 1270 833 regno
1287 790 1428 832 potitus,
1446 788 1566 821 ferocis
1585 799 1644 831 po-

343 865 414 908 puli
434 864 589 896 efferatos
607 863 740 895 animos
757 862 921 905 religione
939 861 1110 904 mitigare,
1129 871 1272 903 eamque
1290 865 1438 904 gentem,
1456 871 1534 903 quae
1553 860 1643 892 inter

345 938 429 969 duos
448 946 565 968 amnes
584 934 717 977 Deyam
731 944 769 966 ac
784 933 932 976 Speyam
946 933 1040 964 sedes
1055 931 1168 970 habet,
1183 932 1450 976 magistratuum
1464 932 1645 975 indulgen-

346 1009 393 1040 tia
415 1007 576 1039 effrenem
601 1004 782 1046 (immenso
807 1005 898 1036 enim
921 1005 1044 1037 itinere
1068 1015 1130 1036 suo
1156 1003 1198 1036 ab
1224 1004 1381 1046 episcopo
1404 1002 1646 1047 disjungeban-

346 1082 416 1121 tur)
429 1079 519 1122 jure,
537 1076 747 1121 legibusque,
766 1087 804 1108 ac
821 1075 986 1114 moribus,
1003 1075 1156 1107 imbuere
1174 1085 1309 1118 parans,
1329 1074 1517 1107 Murthlaci
1535 1075 1647 1117 ponti-

346 1151 442 1183 ficem
456 1160 591 1182 sacrum
612 1148 855 1192 magistratum
881 1147 1014 1190 primus
1036 1147 1189 1179 omnium
1207 1146 1370 1183 instituit,
1389 1146 1443 1178 sui
1460 1146 1559 1189 regni
1576 1156 1637 1178 an-

347 1233 391 1254 no
405 1226 512 1259 sexto,
530 1221 716 1252 mundanae
734 1220 876 1263 originis
895 1219 1004 1251 sexies
1023 1219 1204 1251 millesimo
1222 1218 1454 1250 ducentesimo
1471 1228 1572 1256 nono,
1590 1218 1647 1249 ad—

107 1303 196 1336 AJ),
218 1304 321 1334 1010„
348 1297 472 1326 ventus
487 1292 618 1325 Christi
630 1292 666 1324 in
677 1302 814 1323 carnem
830 1291 961 1323 decimo
975 1301 1080 1332 supra
1093 1290 1314 1322 millesimum
1329 1299 1336 1321 :
1356 1288 1581 1332 Beanumque
1599 1290 1649 1321 vi-

349 1376 426 1398 rum
441 1364 631 1407 disciplina,
648 1363 713 1395 fide
727 1367 760 1395 et
774 1363 900 1405 pietate
914 1362 1096 1406 insignem,
1110 1361 1157 1393 ibi
1171 1365 1323 1393 creatum
1335 1350 1648 1403 pontificem-'sacrae

350 1437 433 1470 aedis
447 1435 632 1468 condendae
645 1435 729 1472 loco,
746 1434 886 1476 praediis
904 1438 938 1466 et
951 1433 1042 1477 agris
1057 1433 1097 1465 de
1112 1432 1319 1470 Murthlaco,
1334 1431 1491 1469 Cloueth,
1505 1436 1538 1464 et
1552 1430 1651 1463 Dun-

349 1508 454 1545 meth,
472 1507 596 1539 horum
620 1517 698 1538 cum
725 1505 957 1538 ecclesiasticis
982 1503 1182 1542 redditibus,
1200 1504 1243 1535 ad
1261 1507 1441 1546 perpetuos
1460 1502 1650 1545 pontificios

350 1583 509 1622 sumptus
527 1578 679 1611 donavit.
730 1577 852 1620 Neque
876 1577 983 1609 alium
1006 1575 1213 1620 erogationis
1235 1574 1479 1617 diplomatibus
1502 1572 1650 1614 (chartas

349 1652 468 1684 dicunt
492 1651 614 1693 nostri)
641 1654 764 1692 praeter
786 1660 821 1682 se
844 1648 1019 1690 inscripsit
1036 1651 1182 1685 testem3
1210 1651 1308 1679 tanta
1333 1650 1408 1678 tum
1426 1645 1507 1677 fides
1525 1650 1652 1677 morta-

348 1724 433 1755 lium
451 1723 583 1755 animos
602 1721 763 1766 regebat:
778 1721 976 1763 diplomata
993 1723 1113 1751 extant
1131 1719 1167 1750 in
1184 1718 1233 1750 rei
1250 1717 1361 1750 fidem.
1390 1716 1553 1749 Pontifex
1571 1728 1651 1749 vero

348 1794 487 1827 Beanus
504 1794 564 1826 ubi
582 1804 724 1826 suorum
747 1797 895 1835 pectora,
918 1792 1022 1824 sacris
1044 1791 1184 1822 monitis
1202 1794 1234 1822 et
1253 1789 1427 1831 exemplis,
1445 1788 1572 1831 pietate
1589 1789 1652 1821 im-

349 1867 480 1904 buerat,
506 1877 596 1898 anno
618 1865 798 1909 trigesimo
816 1864 964 1896 secundo
991 1867 1068 1905 post
1091 1862 1216 1894 initum
1238 1860 1476 1903 pontificatum
1500 1871 1517 1892 e
1540 1860 1652 1893 medio

349 1938 514 1976 sublatus,
529 1936 718 1970 Murthlaci
731 1936 774 1968 ad
790 1935 908 1978 templi
924 1933 1028 1977 (quod
1039 1934 1111 1977 ipse
1128 1934 1341 1975 extruxerat)
1356 1933 1520 1975 posticam
1539 1932 1652 1965 debito

348 2010 476 2043 honore
494 2009 669 2052 sepelitur.
714 2007 803 2040 Erat
817 2008 846 2039 is
864 2017 975 2038 annus
993 2006 1083 2049 regis
1097 2005 1257 2037 Duncani
1275 2005 1440 2047 septimus
1455 2014 1464 2043 ς
1483 2015 1503 2036 a
1514 2003 1652 2036 Christo

107 2080 195 2113 AD.
217 2081 321 2112 1041.
348 2087 429 2115 nato
446 2082 649 2115 millesimus
668 2079 951 2123 quadragesimus
969 2078 1111 2120 primus.

398 2223 535 2255 Exinde
554 2223 589 2254 in
607 2221 778 2254 demortui
799 2221 911 2253 locum
929 2219 1091 2252 suffectus
1109 2216 1405 2255 DONORTIUS,
1423 2217 1651 2262 quadraginta
