<?xml version="1.0" encoding="UTF-8"?>
<!DOCTYPE html PUBLIC "-//W3C//DTD XHTML 1.0 Transitional//EN"
    "http://www.w3.org/TR/xhtml1/DTD/xhtml1-transitional.dtd">
<html xmlns="http://www.w3.org/1999/xhtml" xml:lang="en" lang="en">
 <head>
  <title>
</title>
<meta http-equiv="Content-Type" content="text/html;charset=utf-8" />
  <meta name='ocr-system' content='tesseract 3.04.00' />
  <meta name='ocr-capabilities' content='ocr_page ocr_carea ocr_par ocr_line ocrx_word'/>
</head>
<body>
  <div class='ocr_page' id='page_1' title='image "./hectorisboetiimu00bann_0055.png"; bbox 0 0 1955 2807; ppageno 0'>
   <div class='ocr_carea' id='block_1_1' title="bbox 694 298 1588 329">
    <p class='ocr_par' dir='ltr' id='par_1_1' title="bbox 694 298 1588 329">
     <span class='ocr_line' id='line_1_1' title="bbox 694 298 1588 329; baseline -0.002 -1"><span class='ocrx_word' id='word_1_1' title='bbox 694 298 1024 329; x_wconf 78' lang='lat' dir='ltr'>EPISCOPORUM</span> <span class='ocrx_word' id='word_1_2' title='bbox 1048 298 1175 328; x_wconf 78' lang='lat' dir='ltr'><strong>VITAE.</strong></span> <span class='ocrx_word' id='word_1_3' title='bbox 1549 300 1588 327; x_wconf 79' lang='lat'>3ยน7</span> 
     </span>
    </p>
   </div>
   <div class='ocr_carea' id='block_1_2' title="bbox 268 404 1811 1888">
    <p class='ocr_par' dir='ltr' id='par_1_2' title="bbox 268 404 1811 1888">
     <span class='ocr_line' id='line_1_2' title="bbox 272 404 1577 448; baseline 0.002 -12"><span class='ocrx_word' id='word_1_4' title='bbox 272 404 423 437; x_wconf 82' lang='lat' dir='ltr'>vestibus</span> <span class='ocrx_word' id='word_1_5' title='bbox 443 406 610 448; x_wconf 91' lang='lat' dir='ltr'>pendulis,</span> <span class='ocrx_word' id='word_1_6' title='bbox 622 411 655 439; x_wconf 90' lang='lat' dir='ltr'>et</span> <span class='ocrx_word' id='word_1_7' title='bbox 673 407 814 439; x_wconf 90' lang='lat' dir='ltr'>cortinis</span> <span class='ocrx_word' id='word_1_8' title='bbox 832 408 943 440; x_wconf 82' lang='lat' dir='ltr'>textili</span> <span class='ocrx_word' id='word_1_9' title='bbox 962 418 1004 440; x_wconf 83' lang='lat' dir='ltr'>ex</span> <span class='ocrx_word' id='word_1_10' title='bbox 1022 418 1116 445; x_wconf 89' lang='lat' dir='ltr'>auro,</span> <span class='ocrx_word' id='word_1_11' title='bbox 1132 407 1234 445; x_wconf 90' lang='lat' dir='ltr'>bisso,</span> <span class='ocrx_word' id='word_1_12' title='bbox 1248 407 1380 445; x_wconf 87' lang='lat' dir='ltr'>villosa,</span> <span class='ocrx_word' id='word_1_13' title='bbox 1399 407 1577 445; x_wconf 83' lang='lat' dir='ltr'>undulata,</span> 
     </span>
     <span class='ocr_line' id='line_1_3' title="bbox 271 477 1579 523; baseline 0.002 -15"><span class='ocrx_word' id='word_1_14' title='bbox 271 477 430 519; x_wconf 83' lang='lat' dir='ltr'>palmata.</span> <span class='ocrx_word' id='word_1_15' title='bbox 482 477 589 511; x_wconf 89' lang='lat' dir='ltr'>Sellas</span> <span class='ocrx_word' id='word_1_16' title='bbox 607 483 738 511; x_wconf 88' lang='lat' dir='ltr'>veteres</span> <span class='ocrx_word' id='word_1_17' title='bbox 762 479 798 510; x_wconf 90' lang='lat' dir='ltr'>in</span> <span class='ocrx_word' id='word_1_18' title='bbox 822 478 925 511; x_wconf 87' lang='lat' dir='ltr'>choro</span> <span class='ocrx_word' id='word_1_19' title='bbox 953 477 1067 519; x_wconf 90' lang='lat' dir='ltr'>(stalla</span> <span class='ocrx_word' id='word_1_20' title='bbox 1084 480 1216 523; x_wconf 87' lang='lat' dir='ltr'>dicunt)</span> <span class='ocrx_word' id='word_1_21' title='bbox 1236 483 1407 512; x_wconf 84' lang='lat' dir='ltr'>vetustate</span> <span class='ocrx_word' id='word_1_22' title='bbox 1424 489 1510 522; x_wconf 85' lang='lat' dir='ltr'>pene</span> <span class='ocrx_word' id='word_1_23' title='bbox 1528 484 1579 511; x_wconf 88' lang='lat' dir='ltr'>at-</span> 
     </span>
     <span class='ocr_line' id='line_1_4' title="bbox 271 549 1577 593; baseline 0.001 -11"><span class='ocrx_word' id='word_1_24' title='bbox 271 550 382 588; x_wconf 88' lang='lat' dir='ltr'>tritas,</span> <span class='ocrx_word' id='word_1_25' title='bbox 393 549 518 593; x_wconf 90' lang='lat' dir='ltr'>quibus</span> <span class='ocrx_word' id='word_1_26' title='bbox 532 550 721 582; x_wconf 84' lang='lat' dir='ltr'>sacerdotes</span> <span class='ocrx_word' id='word_1_27' title='bbox 736 550 779 581; x_wconf 90' lang='lat' dir='ltr'>ad</span> <span class='ocrx_word' id='word_1_28' title='bbox 791 560 887 582; x_wconf 87' lang='lat' dir='ltr'>sacra</span> <span class='ocrx_word' id='word_1_29' title='bbox 898 551 1097 592; x_wconf 84' lang='lat' dir='ltr'>exequenda</span> <span class='ocrx_word' id='word_1_30' title='bbox 1112 551 1285 589; x_wconf 78' lang='lat' dir='ltr'>sedebant,</span> <span class='ocrx_word' id='word_1_31' title='bbox 1299 551 1439 583; x_wconf 85' lang='lat' dir='ltr'>amovit.</span> <span class='ocrx_word' id='word_1_32' title='bbox 1459 550 1577 583; x_wconf 89' lang='lat' dir='ltr'>Novas</span> 
     </span>
     <span class='ocr_line' id='line_1_5' title="bbox 271 620 1577 665; baseline 0.002 -12"><span class='ocrx_word' id='word_1_33' title='bbox 271 622 358 654; x_wconf 83' lang='lat' dir='ltr'>inira</span> <span class='ocrx_word' id='word_1_34' title='bbox 381 627 454 654; x_wconf 86' lang='lat' dir='ltr'>arte</span> <span class='ocrx_word' id='word_1_35' title='bbox 484 625 518 653; x_wconf 92' lang='lat' dir='ltr'>et</span> <span class='ocrx_word' id='word_1_36' title='bbox 544 620 801 663; x_wconf 84' lang='lat' dir='ltr'><strong>pulchritudine</strong></span> <span class='ocrx_word' id='word_1_37' title='bbox 834 621 997 659; x_wconf 84' lang='lat' dir='ltr'>restituit,</span> <span class='ocrx_word' id='word_1_38' title='bbox 1027 632 1105 653; x_wconf 86' lang='lat' dir='ltr'>cum</span> <span class='ocrx_word' id='word_1_39' title='bbox 1138 622 1301 655; x_wconf 84' lang='lat' dir='ltr'>cathedra</span> <span class='ocrx_word' id='word_1_40' title='bbox 1332 624 1407 665; x_wconf 90' lang='lat' dir='ltr'>pari</span> <span class='ocrx_word' id='word_1_41' title='bbox 1438 628 1512 656; x_wconf 83' lang='lat' dir='ltr'>arte</span> <span class='ocrx_word' id='word_1_42' title='bbox 1543 629 1577 656; x_wconf 86' lang='lat' dir='ltr'>et</span> 
     </span>
     <span class='ocr_line' id='line_1_6' title="bbox 270 692 1578 739; baseline 0.002 -14"><span class='ocrx_word' id='word_1_43' title='bbox 270 692 526 735; x_wconf 86' lang='lat' dir='ltr'>pulchritudine</span> <span class='ocrx_word' id='word_1_44' title='bbox 543 693 586 725; x_wconf 91' lang='lat' dir='ltr'>ad</span> <span class='ocrx_word' id='word_1_45' title='bbox 604 693 753 736; x_wconf 86' lang='lat' dir='ltr'>episcopi</span> <span class='ocrx_word' id='word_1_46' title='bbox 771 703 884 725; x_wconf 89' lang='lat' dir='ltr'>usum.</span> <span class='ocrx_word' id='word_1_47' title='bbox 937 693 1134 726; x_wconf 87' lang='lat' dir='ltr'>Pontificias</span> <span class='ocrx_word' id='word_1_48' title='bbox 1161 694 1251 726; x_wconf 85' lang='lat' dir='ltr'>aedes</span> <span class='ocrx_word' id='word_1_49' title='bbox 1275 694 1316 726; x_wconf 87' lang='lat' dir='ltr'>de</span> <span class='ocrx_word' id='word_1_50' title='bbox 1339 695 1473 739; x_wconf 86' lang='lat' dir='ltr'>integro</span> <span class='ocrx_word' id='word_1_51' title='bbox 1496 696 1578 728; x_wconf 80' lang='lat' dir='ltr'>aedi-</span> 
     </span>
     <span class='ocr_line' id='line_1_7' title="bbox 268 764 1578 809; baseline 0.001 -12"><span class='ocrx_word' id='word_1_52' title='bbox 268 765 383 797; x_wconf 82' lang='lat' dir='ltr'>ficavit</span> <span class='ocrx_word' id='word_1_53' title='bbox 407 775 484 797; x_wconf 92' lang='lat' dir='ltr'>cum</span> <span class='ocrx_word' id='word_1_54' title='bbox 511 764 665 797; x_wconf 90' lang='lat' dir='ltr'>turribus</span> <span class='ocrx_word' id='word_1_55' title='bbox 690 769 724 797; x_wconf 90' lang='lat' dir='ltr'>et</span> <span class='ocrx_word' id='word_1_56' title='bbox 748 765 1028 809; x_wconf 83' lang='lat' dir='ltr'>propugnaculis,</span> <span class='ocrx_word' id='word_1_57' title='bbox 1052 765 1226 798; x_wconf 89' lang='lat' dir='ltr'>veteribus</span> <span class='ocrx_word' id='word_1_58' title='bbox 1244 766 1427 798; x_wconf 86' lang='lat' dir='ltr'>demolitis.</span> <span class='ocrx_word' id='word_1_59' title='bbox 1467 765 1578 798; x_wconf 87' lang='lat' dir='ltr'>Edin-</span> 
     </span>
     <span class='ocr_line' id='line_1_8' title="bbox 270 836 1578 881; baseline 0.002 -13"><span class='ocrx_word' id='word_1_60' title='bbox 270 837 371 880; x_wconf 83' lang='lat' dir='ltr'>burgi</span> <span class='ocrx_word' id='word_1_61' title='bbox 399 836 504 880; x_wconf 86' lang='lat' dir='ltr'>(quod</span> <span class='ocrx_word' id='word_1_62' title='bbox 530 848 569 869; x_wconf 83' lang='lat' dir='ltr'>eo</span> <span class='ocrx_word' id='word_1_63' title='bbox 595 837 631 869; x_wconf 92' lang='lat' dir='ltr'>in</span> <span class='ocrx_word' id='word_1_64' title='bbox 657 837 782 879; x_wconf 90' lang='lat' dir='ltr'>oppido</span> <span class='ocrx_word' id='word_1_65' title='bbox 808 836 922 869; x_wconf 89' lang='lat' dir='ltr'>fuerat</span> <span class='ocrx_word' id='word_1_66' title='bbox 947 837 1125 881; x_wconf 88' lang='lat' dir='ltr'>educatus)</span> <span class='ocrx_word' id='word_1_67' title='bbox 1153 842 1273 871; x_wconf 84' lang='lat' dir='ltr'>auctor</span> <span class='ocrx_word' id='word_1_68' title='bbox 1301 837 1379 875; x_wconf 90' lang='lat' dir='ltr'>fuit,</span> <span class='ocrx_word' id='word_1_69' title='bbox 1405 842 1445 870; x_wconf 92' lang='lat' dir='ltr'>ut</span> <span class='ocrx_word' id='word_1_70' title='bbox 1471 838 1578 870; x_wconf 82' lang='lat' dir='ltr'>aedifi-</span> 
     </span>
     <span class='ocr_line' id='line_1_9' title="bbox 269 907 1576 953; baseline 0.002 -13"><span class='ocrx_word' id='word_1_71' title='bbox 269 913 429 941; x_wconf 86' lang='lat' dir='ltr'>carentur</span> <span class='ocrx_word' id='word_1_72' title='bbox 460 908 549 941; x_wconf 84' lang='lat' dir='ltr'>aedes</span> <span class='ocrx_word' id='word_1_73' title='bbox 578 908 724 951; x_wconf 90' lang='lat' dir='ltr'>publicae</span> <span class='ocrx_word' id='word_1_74' title='bbox 752 907 934 952; x_wconf 88' lang='lat' dir='ltr'>(hospitale</span> <span class='ocrx_word' id='word_1_75' title='bbox 965 910 1102 953; x_wconf 90' lang='lat' dir='ltr'>vocant)</span> <span class='ocrx_word' id='word_1_76' title='bbox 1128 910 1171 941; x_wconf 89' lang='lat' dir='ltr'>ad</span> <span class='ocrx_word' id='word_1_77' title='bbox 1198 920 1322 953; x_wconf 87' lang='lat' dir='ltr'>egenos</span> <span class='ocrx_word' id='word_1_78' title='bbox 1353 910 1576 952; x_wconf 88' lang='lat' dir='ltr'>accipiendos,</span> 
     </span>
     <span class='ocr_line' id='line_1_10' title="bbox 270 980 1576 1024; baseline 0.002 -12"><span class='ocrx_word' id='word_1_79' title='bbox 270 981 405 1024; x_wconf 82' lang='lat' dir='ltr'>magnis</span> <span class='ocrx_word' id='word_1_80' title='bbox 424 980 597 1023; x_wconf 86' lang='lat' dir='ltr'>impensis,</span> <span class='ocrx_word' id='word_1_81' title='bbox 625 985 859 1024; x_wconf 82' lang='lat' dir='ltr'>perpetuoque</span> <span class='ocrx_word' id='word_1_82' title='bbox 879 981 1019 1014; x_wconf 88' lang='lat' dir='ltr'>statutis</span> <span class='ocrx_word' id='word_1_83' title='bbox 1044 982 1115 1014; x_wconf 89' lang='lat' dir='ltr'>suis</span> <span class='ocrx_word' id='word_1_84' title='bbox 1141 981 1337 1024; x_wconf 85' lang='lat' dir='ltr'>sumptibus</span> <span class='ocrx_word' id='word_1_85' title='bbox 1363 982 1576 1019; x_wconf 89' lang='lat' dir='ltr'>nutriendos,</span> 
     </span>
     <span class='ocr_line' id='line_1_11' title="bbox 269 1052 1576 1097; baseline 0.002 -13"><span class='ocrx_word' id='word_1_86' title='bbox 269 1053 329 1095; x_wconf 90' lang='lat' dir='ltr'>qui</span> <span class='ocrx_word' id='word_1_87' title='bbox 355 1054 518 1095; x_wconf 89' lang='lat' dir='ltr'>opulenta</span> <span class='ocrx_word' id='word_1_88' title='bbox 543 1063 585 1084; x_wconf 84' lang='lat' dir='ltr'>ex</span> <span class='ocrx_word' id='word_1_89' title='bbox 610 1052 751 1085; x_wconf 86' lang='lat' dir='ltr'>fortuna</span> <span class='ocrx_word' id='word_1_90' title='bbox 775 1057 964 1085; x_wconf 85' lang='lat' dir='ltr'>extremam</span> <span class='ocrx_word' id='word_1_91' title='bbox 991 1053 1026 1085; x_wconf 92' lang='lat' dir='ltr'>in</span> <span class='ocrx_word' id='word_1_92' title='bbox 1052 1054 1250 1096; x_wconf 85' lang='lat' dir='ltr'>pauperiem</span> <span class='ocrx_word' id='word_1_93' title='bbox 1277 1052 1365 1086; x_wconf 87' lang='lat' dir='ltr'>forte</span> <span class='ocrx_word' id='word_1_94' title='bbox 1391 1054 1576 1097; x_wconf 85' lang='lat' dir='ltr'>aliquando</span> 
     </span>
     <span class='ocr_line' id='line_1_12' title="bbox 268 1123 1574 1167; baseline 0.002 -12"><span class='ocrx_word' id='word_1_95' title='bbox 268 1124 495 1161; x_wconf 88' lang='lat' dir='ltr'>devenissent,</span> <span class='ocrx_word' id='word_1_96' title='bbox 514 1123 667 1156; x_wconf 90' lang='lat' dir='ltr'>vestibus</span> <span class='ocrx_word' id='word_1_97' title='bbox 685 1124 886 1167; x_wconf 81' lang='lat' dir='ltr'>caeterisque</span> <span class='ocrx_word' id='word_1_98' title='bbox 904 1125 948 1157; x_wconf 90' lang='lat' dir='ltr'>ad</span> <span class='ocrx_word' id='word_1_99' title='bbox 959 1125 1042 1157; x_wconf 90' lang='lat' dir='ltr'>vitae</span> <span class='ocrx_word' id='word_1_100' title='bbox 1061 1125 1298 1158; x_wconf 85' lang='lat' dir='ltr'>necessitatem</span> <span class='ocrx_word' id='word_1_101' title='bbox 1310 1126 1411 1164; x_wconf 89' lang='lat' dir='ltr'>datis,</span> <span class='ocrx_word' id='word_1_102' title='bbox 1424 1126 1574 1159; x_wconf 86' lang='lat' dir='ltr'>tributis.</span> 
     </span>
     <span class='ocr_line' id='line_1_13' title="bbox 270 1195 1575 1241; baseline 0.002 -14"><span class='ocrx_word' id='word_1_103' title='bbox 270 1195 439 1238; x_wconf 82' lang='lat' dir='ltr'>Impensae</span> <span class='ocrx_word' id='word_1_104' title='bbox 456 1206 498 1228; x_wconf 85' lang='lat' dir='ltr'>ex</span> <span class='ocrx_word' id='word_1_105' title='bbox 522 1196 615 1240; x_wconf 89' lang='lat' dir='ltr'>agris</span> <span class='ocrx_word' id='word_1_106' title='bbox 641 1196 679 1228; x_wconf 89' lang='lat' dir='ltr'>in</span> <span class='ocrx_word' id='word_1_107' title='bbox 697 1196 836 1235; x_wconf 90' lang='lat' dir='ltr'>vicinia,</span> <span class='ocrx_word' id='word_1_108' title='bbox 862 1207 947 1240; x_wconf 87' lang='lat' dir='ltr'>quos</span> <span class='ocrx_word' id='word_1_109' title='bbox 973 1197 1106 1241; x_wconf 88' lang='lat' dir='ltr'>ingenti</span> <span class='ocrx_word' id='word_1_110' title='bbox 1133 1198 1278 1240; x_wconf 84' lang='lat' dir='ltr'>pecunia</span> <span class='ocrx_word' id='word_1_111' title='bbox 1304 1202 1575 1240; x_wconf 84' lang='lat' dir='ltr'>comparaverat,</span> 
     </span>
     <span class='ocr_line' id='line_1_14' title="bbox 268 1268 1575 1313; baseline 0.002 -13"><span class='ocrx_word' id='word_1_112' title='bbox 268 1269 486 1311; x_wconf 88' lang='lat' dir='ltr'>proveniunt.</span> <span class='ocrx_word' id='word_1_113' title='bbox 537 1268 694 1302; x_wconf 89' lang='lat' dir='ltr'>Tandem</span> <span class='ocrx_word' id='word_1_114' title='bbox 722 1268 876 1302; x_wconf 89' lang='lat' dir='ltr'>Thomas</span> <span class='ocrx_word' id='word_1_115' title='bbox 894 1274 1021 1309; x_wconf 86' lang='lat' dir='ltr'>noster,</span> <span class='ocrx_word' id='word_1_116' title='bbox 1043 1271 1171 1313; x_wconf 84' lang='lat' dir='ltr'>praesul</span> <span class='ocrx_word' id='word_1_117' title='bbox 1197 1280 1331 1313; x_wconf 91' lang='lat' dir='ltr'>semper</span> <span class='ocrx_word' id='word_1_118' title='bbox 1349 1271 1575 1308; x_wconf 85' lang='lat' dir='ltr'>venerandus,</span> 
     </span>
     <span class='ocr_line' id='line_1_15' title="bbox 269 1340 1575 1385; baseline 0.001 -12"><span class='ocrx_word' id='word_1_119' title='bbox 269 1351 367 1373; x_wconf 84' lang='lat' dir='ltr'>carus</span> <span class='ocrx_word' id='word_1_120' title='bbox 379 1340 463 1379; x_wconf 92' lang='lat' dir='ltr'>Deo,</span> <span class='ocrx_word' id='word_1_121' title='bbox 477 1345 511 1373; x_wconf 93' lang='lat' dir='ltr'>et</span> <span class='ocrx_word' id='word_1_122' title='bbox 522 1341 563 1373; x_wconf 92' lang='lat' dir='ltr'>de</span> <span class='ocrx_word' id='word_1_123' title='bbox 574 1341 773 1374; x_wconf 88' lang='lat' dir='ltr'>hominibus</span> <span class='ocrx_word' id='word_1_124' title='bbox 786 1341 870 1374; x_wconf 88' lang='lat' dir='ltr'>bene</span> <span class='ocrx_word' id='word_1_125' title='bbox 884 1342 1040 1380; x_wconf 89' lang='lat' dir='ltr'>meritus,</span> <span class='ocrx_word' id='word_1_126' title='bbox 1054 1342 1113 1385; x_wconf 89' lang='lat' dir='ltr'>qui</span> <span class='ocrx_word' id='word_1_127' title='bbox 1126 1341 1383 1374; x_wconf 86' lang='lat' dir='ltr'>incredibilibus</span> <span class='ocrx_word' id='word_1_128' title='bbox 1401 1341 1575 1374; x_wconf 88' lang='lat' dir='ltr'>laboribus</span> 
     </span>
     <span class='ocr_line' id='line_1_16' title="bbox 269 1413 1574 1458; baseline 0.002 -14"><span class='ocrx_word' id='word_1_129' title='bbox 269 1413 438 1455; x_wconf 85' lang='lat' dir='ltr'>principes</span> <span class='ocrx_word' id='word_1_130' title='bbox 453 1417 486 1445; x_wconf 88' lang='lat' dir='ltr'>et</span> <span class='ocrx_word' id='word_1_131' title='bbox 500 1413 646 1457; x_wconf 87' lang='lat' dir='ltr'>majores</span> <span class='ocrx_word' id='word_1_132' title='bbox 664 1413 769 1457; x_wconf 89' lang='lat' dir='ltr'>hujus</span> <span class='ocrx_word' id='word_1_133' title='bbox 788 1414 982 1456; x_wconf 90' lang='lat' dir='ltr'>praesertim</span> <span class='ocrx_word' id='word_1_134' title='bbox 996 1414 1094 1458; x_wconf 82' lang='lat' dir='ltr'>regni</span> <span class='ocrx_word' id='word_1_135' title='bbox 1108 1414 1265 1446; x_wconf 87' lang='lat' dir='ltr'>concordi</span> <span class='ocrx_word' id='word_1_136' title='bbox 1279 1424 1361 1457; x_wconf 89' lang='lat' dir='ltr'>pace</span> <span class='ocrx_word' id='word_1_137' title='bbox 1374 1414 1574 1451; x_wconf 81' lang='lat' dir='ltr'>retinuerat,</span> 
     </span>
     <span class='ocr_line' id='line_1_17' title="bbox 269 1484 1575 1524; baseline 0.001 -7"><span class='ocrx_word' id='word_1_138' title='bbox 269 1495 348 1517; x_wconf 84' lang='lat' dir='ltr'>suos</span> <span class='ocrx_word' id='word_1_139' title='bbox 370 1484 467 1517; x_wconf 89' lang='lat' dir='ltr'>bonis</span> <span class='ocrx_word' id='word_1_140' title='bbox 491 1485 689 1517; x_wconf 89' lang='lat' dir='ltr'>instituerat</span> <span class='ocrx_word' id='word_1_141' title='bbox 714 1485 879 1524; x_wconf 91' lang='lat' dir='ltr'>moribus,</span> <span class='ocrx_word' id='word_1_142' title='bbox 902 1496 1020 1517; x_wconf 88' lang='lat' dir='ltr'>omnes</span> <span class='ocrx_word' id='word_1_143' title='bbox 1038 1495 1120 1518; x_wconf 89' lang='lat' dir='ltr'>vero</span> <span class='ocrx_word' id='word_1_144' title='bbox 1143 1485 1186 1517; x_wconf 91' lang='lat' dir='ltr'>ad</span> <span class='ocrx_word' id='word_1_145' title='bbox 1204 1486 1370 1518; x_wconf 87' lang='lat' dir='ltr'>virtutem</span> <span class='ocrx_word' id='word_1_146' title='bbox 1394 1490 1428 1518; x_wconf 86' lang='lat' dir='ltr'>et</span> <span class='ocrx_word' id='word_1_147' title='bbox 1450 1485 1575 1518; x_wconf 85' lang='lat' dir='ltr'>sancti-</span> 
     </span>
     <span class='ocr_line' id='line_1_18' title="bbox 269 1557 1575 1600; baseline 0 -11"><span class='ocrx_word' id='word_1_148' title='bbox 269 1557 419 1589; x_wconf 85' lang='lat' dir='ltr'>moniam</span> <span class='ocrx_word' id='word_1_149' title='bbox 450 1567 512 1589; x_wconf 92' lang='lat' dir='ltr'>suo</span> <span class='ocrx_word' id='word_1_150' title='bbox 540 1558 696 1600; x_wconf 81' lang='lat' dir='ltr'>exemplo</span> <span class='ocrx_word' id='word_1_151' title='bbox 722 1557 935 1595; x_wconf 81' lang='lat' dir='ltr'>incitaverat,</span> <span class='ocrx_word' id='word_1_152' title='bbox 966 1557 1185 1600; x_wconf 89' lang='lat' dir='ltr'>pontificatus</span> <span class='ocrx_word' id='word_1_153' title='bbox 1212 1557 1266 1589; x_wconf 92' lang='lat' dir='ltr'>sui</span> <span class='ocrx_word' id='word_1_154' title='bbox 1297 1568 1388 1589; x_wconf 93' lang='lat' dir='ltr'>anno</span> <span class='ocrx_word' id='word_1_155' title='bbox 1414 1557 1575 1590; x_wconf 90' lang='lat' dir='ltr'>vicesimo</span> 
     </span>
     <span class='ocr_line' id='line_1_19' title="bbox 269 1628 1811 1672; baseline 0.001 -12"><span class='ocrx_word' id='word_1_156' title='bbox 269 1629 391 1671; x_wconf 90' lang='lat' dir='ltr'>primo,</span> <span class='ocrx_word' id='word_1_157' title='bbox 408 1629 431 1661; x_wconf 89' lang='lat' dir='ltr'>J</span> <span class='ocrx_word' id='word_1_158' title='bbox 433 1629 528 1662; x_wconf 90' lang='lat' dir='ltr'>acobi</span> <span class='ocrx_word' id='word_1_159' title='bbox 547 1628 659 1662; x_wconf 89' lang='lat' dir='ltr'>Tertii</span> <span class='ocrx_word' id='word_1_160' title='bbox 677 1629 850 1667; x_wconf 88' lang='lat' dir='ltr'>vicesimo,</span> <span class='ocrx_word' id='word_1_161' title='bbox 868 1633 903 1661; x_wconf 89' lang='lat' dir='ltr'>et</span> <span class='ocrx_word' id='word_1_162' title='bbox 920 1628 1129 1661; x_wconf 78' lang='lat' dir='ltr'>Christianae</span> <span class='ocrx_word' id='word_1_163' title='bbox 1153 1629 1274 1662; x_wconf 87' lang='lat' dir='ltr'>salutis</span> <span class='ocrx_word' id='word_1_164' title='bbox 1292 1629 1475 1662; x_wconf 90' lang='lat' dir='ltr'>millesimo</span> <span class='ocrx_word' id='word_1_165' title='bbox 1492 1640 1577 1672; x_wconf 92' lang='lat' dir='ltr'>qua-</span> <span class='ocrx_word' id='word_1_166' title='bbox 1585 1633 1629 1666; x_wconf 82' lang='lat' dir='ltr'>A,</span> <span class='ocrx_word' id='word_1_167' title='bbox 1643 1633 1687 1666; x_wconf 82' lang='lat' dir='ltr'>D,</span> <span class='ocrx_word' id='word_1_168' title='bbox 1709 1635 1811 1666; x_wconf 76' lang='lat'>1480,</span> 
     </span>
     <span class='ocr_line' id='line_1_20' title="bbox 268 1699 1574 1745; baseline 0 -12"><span class='ocrx_word' id='word_1_169' title='bbox 268 1701 538 1745; x_wconf 84' lang='lat' dir='ltr'>dringentesirno</span> <span class='ocrx_word' id='word_1_170' title='bbox 550 1701 769 1745; x_wconf 85' lang='lat' dir='ltr'>octogesimo,</span> <span class='ocrx_word' id='word_1_171' title='bbox 781 1700 978 1745; x_wconf 86' lang='lat' dir='ltr'>Edinburgi</span> <span class='ocrx_word' id='word_1_172' title='bbox 992 1701 1140 1733; x_wconf 89' lang='lat' dir='ltr'>moritur</span> <span class='ocrx_word' id='word_1_173' title='bbox 1153 1711 1210 1733; x_wconf 81' lang='lat' dir='ltr'>xv.</span> <span class='ocrx_word' id='word_1_174' title='bbox 1224 1701 1279 1733; x_wconf 91' lang='lat' dir='ltr'>die</span> <span class='ocrx_word' id='word_1_175' title='bbox 1292 1701 1419 1733; x_wconf 90' lang='lat' dir='ltr'>mensis</span> <span class='ocrx_word' id='word_1_176' title='bbox 1430 1699 1574 1744; x_wconf 89' lang='lat' dir='ltr'>Aprilis.</span> 
     </span>
     <span class='ocr_line' id='line_1_21' title="bbox 270 1772 1575 1818; baseline 0.001 -13"><span class='ocrx_word' id='word_1_177' title='bbox 270 1773 450 1811; x_wconf 89' lang='lat' dir='ltr'>Postridie,</span> <span class='ocrx_word' id='word_1_178' title='bbox 469 1784 549 1818; x_wconf 88' lang='lat' dir='ltr'>rege</span> <span class='ocrx_word' id='word_1_179' title='bbox 570 1777 750 1816; x_wconf 88' lang='lat' dir='ltr'>praesente,</span> <span class='ocrx_word' id='word_1_180' title='bbox 775 1783 835 1805; x_wconf 84' lang='lat' dir='ltr'>sex</span> <span class='ocrx_word' id='word_1_181' title='bbox 853 1773 1030 1816; x_wconf 87' lang='lat' dir='ltr'>episcopis,</span> <span class='ocrx_word' id='word_1_182' title='bbox 1051 1774 1171 1806; x_wconf 91' lang='lat' dir='ltr'>multis</span> <span class='ocrx_word' id='word_1_183' title='bbox 1197 1784 1275 1806; x_wconf 91' lang='lat' dir='ltr'>cum</span> <span class='ocrx_word' id='word_1_184' title='bbox 1298 1772 1483 1811; x_wconf 88' lang='lat' dir='ltr'>nobilibus,</span> <span class='ocrx_word' id='word_1_185' title='bbox 1500 1774 1575 1817; x_wconf 86' lang='lat' dir='ltr'>ejus</span> 
     </span>
     <span class='ocr_line' id='line_1_22' title="bbox 268 1844 1574 1888; baseline 0.001 -11"><span class='ocrx_word' id='word_1_186' title='bbox 268 1845 372 1877; x_wconf 90' lang='lat' dir='ltr'>funus</span> <span class='ocrx_word' id='word_1_187' title='bbox 390 1845 512 1878; x_wconf 88' lang='lat' dir='ltr'>celebri</span> <span class='ocrx_word' id='word_1_188' title='bbox 538 1856 666 1888; x_wconf 88' lang='lat' dir='ltr'>pompa</span> <span class='ocrx_word' id='word_1_189' title='bbox 683 1850 735 1878; x_wconf 89' lang='lat' dir='ltr'>est</span> <span class='ocrx_word' id='word_1_190' title='bbox 752 1845 892 1884; x_wconf 85' lang='lat' dir='ltr'>elatum,</span> <span class='ocrx_word' id='word_1_191' title='bbox 911 1849 1014 1888; x_wconf 91' lang='lat' dir='ltr'>atque</span> <span class='ocrx_word' id='word_1_192' title='bbox 1033 1845 1069 1878; x_wconf 90' lang='lat' dir='ltr'>in</span> <span class='ocrx_word' id='word_1_193' title='bbox 1086 1845 1216 1888; x_wconf 84' lang='lat' dir='ltr'>templo</span> <span class='ocrx_word' id='word_1_194' title='bbox 1233 1844 1370 1878; x_wconf 85' lang='lat' dir='ltr'>Sanctae</span> <span class='ocrx_word' id='word_1_195' title='bbox 1388 1844 1574 1879; x_wconf 90' lang='lat' dir='ltr'>Trinitatis</span> 
     </span>
    </p>
   </div>
   <div class='ocr_carea' id='block_1_3' title="bbox 268 1916 777 1962">
    <p class='ocr_par' dir='ltr' id='par_1_3' title="bbox 268 1916 777 1962">
     <span class='ocr_line' id='line_1_23' title="bbox 268 1916 777 1962; baseline 0.002 -13"><span class='ocrx_word' id='word_1_196' title='bbox 268 1916 412 1961; x_wconf 88' lang='lat' dir='ltr'>Collegii</span> <span class='ocrx_word' id='word_1_197' title='bbox 427 1917 574 1962; x_wconf 86' lang='lat' dir='ltr'>Reginae</span> <span class='ocrx_word' id='word_1_198' title='bbox 593 1918 777 1961; x_wconf 90' lang='lat' dir='ltr'>sepultum.</span> 
     </span>
    </p>
   </div>
   <div class='ocr_carea' id='block_1_4' title="bbox 267 2059 1571 2176">
    <p class='ocr_par' dir='ltr' id='par_1_4' title="bbox 267 2059 1571 2176">
     <span class='ocr_line' id='line_1_24' title="bbox 316 2059 1571 2100; baseline 0.001 -7"><span class='ocrx_word' id='word_1_199' title='bbox 316 2059 357 2092; x_wconf 89' lang='lat' dir='ltr'>In</span> <span class='ocrx_word' id='word_1_200' title='bbox 385 2060 532 2093; x_wconf 87' lang='lat' dir='ltr'>Thomae</span> <span class='ocrx_word' id='word_1_201' title='bbox 557 2061 680 2099; x_wconf 90' lang='lat' dir='ltr'>locum,</span> <span class='ocrx_word' id='word_1_202' title='bbox 708 2061 974 2094; x_wconf 88' lang='lat' dir='ltr'>ROBERTUS</span> <span class='ocrx_word' id='word_1_203' title='bbox 1004 2060 1292 2100; x_wconf 90' lang='lat' dir='ltr'>BLAKATAR,</span> <span class='ocrx_word' id='word_1_204' title='bbox 1318 2062 1355 2094; x_wconf 92' lang='lat' dir='ltr'>in</span> <span class='ocrx_word' id='word_1_205' title='bbox 1382 2061 1510 2094; x_wconf 89' lang='lat' dir='ltr'>divinis</span> <span class='ocrx_word' id='word_1_206' title='bbox 1537 2067 1571 2095; x_wconf 91' lang='lat' dir='ltr'>et</span> 
     </span>
     <span class='ocr_line' id='line_1_25' title="bbox 267 2132 1571 2176; baseline 0.002 -12"><span class='ocrx_word' id='word_1_207' title='bbox 267 2132 428 2165; x_wconf 90' lang='lat' dir='ltr'>humanis</span> <span class='ocrx_word' id='word_1_208' title='bbox 446 2132 554 2165; x_wconf 90' lang='lat' dir='ltr'>literis</span> <span class='ocrx_word' id='word_1_209' title='bbox 569 2133 735 2172; x_wconf 89' lang='lat' dir='ltr'>eruditus,</span> <span class='ocrx_word' id='word_1_210' title='bbox 759 2133 885 2165; x_wconf 90' lang='lat' dir='ltr'>summi</span> <span class='ocrx_word' id='word_1_211' title='bbox 906 2133 1077 2176; x_wconf 88' lang='lat' dir='ltr'>pontificis</span> <span class='ocrx_word' id='word_1_212' title='bbox 1101 2133 1305 2166; x_wconf 85' lang='lat' dir='ltr'>auctoritate</span> <span class='ocrx_word' id='word_1_213' title='bbox 1326 2139 1463 2166; x_wconf 88' lang='lat' dir='ltr'>creatur</span> <span class='ocrx_word' id='word_1_214' title='bbox 1484 2133 1571 2176; x_wconf 92' lang='lat' dir='ltr'>epis-</span> 
     </span>
    </p>
   </div>
   <div class='ocr_carea' id='block_1_5' title="bbox 268 2203 1570 2249">
    <p class='ocr_par' dir='ltr' id='par_1_5' title="bbox 268 2203 1570 2249">
     <span class='ocr_line' id='line_1_26' title="bbox 268 2203 1570 2249; baseline 0.002 -13"><span class='ocrx_word' id='word_1_215' title='bbox 268 2214 382 2247; x_wconf 88' lang='lat' dir='ltr'>copus.</span> <span class='ocrx_word' id='word_1_216' title='bbox 433 2203 498 2237; x_wconf 83' lang='lat' dir='ltr'>Vir</span> <span class='ocrx_word' id='word_1_217' title='bbox 522 2204 653 2238; x_wconf 84' lang='lat' dir='ltr'>familia</span> <span class='ocrx_word' id='word_1_218' title='bbox 682 2204 818 2244; x_wconf 87' lang='lat' dir='ltr'>nobilis,</span> <span class='ocrx_word' id='word_1_219' title='bbox 845 2205 963 2249; x_wconf 87' lang='lat' dir='ltr'>magni</span> <span class='ocrx_word' id='word_1_220' title='bbox 991 2209 1025 2237; x_wconf 83' lang='lat' dir='ltr'>et</span> <span class='ocrx_word' id='word_1_221' title='bbox 1051 2205 1240 2238; x_wconf 81' lang='lat' dir='ltr'>constantis</span> <span class='ocrx_word' id='word_1_222' title='bbox 1265 2205 1383 2244; x_wconf 87' lang='lat' dir='ltr'>animi,</span> <span class='ocrx_word' id='word_1_223' title='bbox 1409 2206 1469 2249; x_wconf 91' lang='lat' dir='ltr'>qui</span> <span class='ocrx_word' id='word_1_224' title='bbox 1495 2210 1570 2239; x_wconf 90' lang='lat' dir='ltr'>tum</span> 
     </span>
    </p>
   </div>
  </div>
 </body>
</html>
