1955 2807
168 1048 259 1081 A.D.
282 1048 384 1086 1267.

410 296 445 323 10
860 297 1255 329 ABERDONENSIUM

455 401 621 436 Extincto
645 403 759 442 Petro,
786 403 1076 438 RICHARDUS
1102 405 1168 438 DE
1196 406 1430 440 POTTOCK
1453 407 1709 442 Aberdonensis

406 479 541 507 creatur
553 475 712 514 antistes;
725 475 863 520 Anglus
874 482 986 521 gente.
1005 478 1093 516 Quae
1104 489 1157 511 res
1173 479 1284 512 effecit
1295 484 1335 512 ut
1346 480 1501 512 montani
1512 481 1553 513 de
1565 481 1710 514 Cloueth

405 550 439 578 et
450 546 636 584 Murthlac‚
650 547 813 590 pontifici,
828 549 1073 582 velutihomini
1082 551 1275 595 peregrino,
1282 552 1398 584 minus
1412 552 1600 590 audientes,
1610 563 1709 597 agros

405 622 439 650 et
456 618 587 660 praedia
609 620 719 652 multa
742 620 987 660 subtraxerint,
1010 621 1149 654 famulis
1176 623 1251 667 eJus
1270 623 1468 656 verberibus
1493 624 1589 657 caesis
1608 629 1641 656 et
1663 624 1713 668 ig-

406 690 596 722 nominiose
616 691 771 733 repulsis.
816 691 915 725 Tulit
932 693 1127 726 Richardus
1148 705 1241 738 aegre
1258 695 1512 733 contumeliam,
1534 700 1710 728 execratus

406 761 566 794 facinoris
585 767 738 795 auctores
752 773 760 802 3
780 764 1060 807 apposuissetque
1074 776 1110 797 se
1123 776 1184 798 rex
1197 767 1350 798 criminis
1364 767 1545 806 vindicem,
1559 768 1595 800 ni
1610 768 1710 800 citius

406 834 540 866 sceleris
563 835 753 868 insimulati
777 836 946 868 restitutis
964 837 1104 879 praediis
1124 838 1298 870 venissent
1315 837 1561 877 Aberdoniam,
1587 840 1630 872 ad
1654 850 1712 871 an-

407 905 594 948 tistitisque
612 907 725 948 pedes,
747 907 821 950 ejus
840 906 984 939 arbitrio
1001 908 1207 950 supplicium
1226 909 1364 947 obituri,
1390 911 1508 942 multis
1526 911 1712 953 lachrymis

407 977 585 1018 petiissent
599 978 745 1010 veniam.
773 978 935 1011 Mortuus
954 984 1005 1012 est
1019 979 1224 1019 Richardus,
1243 982 1345 1014 avitis
1360 982 1458 1014 donis
1474 980 1712 1014 Aberdonensi

411 1049 560 1081 ecclesiae
575 1048 766 1082 Alexandri
781 1051 986 1083 auctoritate
1001 1052 1112 1084 denuo
1131 1052 1310 1091 roboratis,
1324 1053 1542 1096 pontificatus
1556 1054 1609 1086 sui
1624 1064 1715 1086 anno

407 1122 538 1154 decimo
557 1122 669 1160 tertio,
686 1121 824 1164 praefati
843 1133 924 1155 vero
942 1122 1133 1156 Alexandri
1151 1124 1283 1157 decimo
1301 1129 1432 1158 octavo.

466 1267 515 1300 Et
540 1266 678 1299 HUGO
702 1266 768 1299 DE
795 1267 1047 1300 BENHYEM
1074 1270 1109 1301 in
1136 1269 1209 1313 ejus
1235 1270 1347 1301 locum
1373 1269 1547 1313 suffragiis
1577 1270 1714 1302 canoni-

408 1350 525 1371 corum
545 1339 716 1371 suffectus.
768 1339 803 1372 Is
821 1340 910 1372 illico
928 1345 1066 1383 sumpto
1088 1341 1289 1383 pontificatu
1308 1340 1456 1373 Romam
1480 1342 1630 1379 accessit,
1653 1340 1712 1373 ubi

409 1411 554 1443 Martini
573 1412 687 1454 quarti
706 1412 833 1443 summi
851 1412 1020 1454 pontificis
1034 1413 1136 1456 jussu
1156 1412 1197 1453 (is
1216 1417 1298 1445 tunc
1316 1412 1412 1444 Petri
1430 1413 1544 1444 sedem
1562 1412 1712 1455 tenebat)

408 1483 585 1526 episcopus
604 1487 822 1515 consecratur
837 1493 844 1516 :
871 1484 950 1515 inde
968 1483 1027 1516 ubi
1052 1484 1120 1516 illic
1138 1484 1314 1528 religionis
1332 1494 1436 1516 causa
1457 1495 1587 1516 annum
1605 1494 1714 1516 unum

408 1559 561 1587 moratus
592 1554 723 1593 fuisset,
753 1555 790 1587 in
816 1555 965 1588 Scotiam
992 1560 1043 1588 est
1076 1567 1243 1588 reversus.
1295 1555 1493 1588 Dissidebat
1523 1560 1597 1588 tum
1628 1555 1716 1588 forte

408 1627 554 1670 populus
574 1626 696 1659 Scotus
720 1638 798 1659 cum
822 1628 934 1659 clero:
965 1627 1018 1660 his
1044 1638 1259 1660 summorum
1285 1627 1486 1670 pontificum
1512 1627 1715 1664 sanctiones,

409 1698 475 1731 illis
494 1699 591 1743 regni
619 1699 893 1737 consuetudines,
917 1710 979 1731 sua
1002 1710 1065 1742 pro
1088 1699 1259 1731 sententia
1283 1698 1515 1731 afferentibus.
1567 1698 1714 1732 Causam

409 1770 541 1802 dissidii
555 1769 672 1802 ferunt
686 1771 777 1813 quod
791 1770 968 1803 fructuum
982 1771 1199 1814 quorundam
1213 1770 1371 1808 decimas,
1389 1781 1474 1813 quas
1489 1769 1650 1812 petebant
1664 1780 1716 1802 sa-

410 1842 572 1879 cerdotes‚
590 1843 738 1884 populus
757 1846 873 1884 aperte
896 1843 1027 1874 solvere
1050 1846 1248 1875 recusasset.
1301 1841 1402 1874 Hanc
1419 1842 1514 1874 litem
1532 1842 1715 1874 dirimendi

410 1918 560 1956 potestas
581 1913 724 1957 Hugoni
742 1914 918 1956 permissa.
970 1913 1090 1946 Perthi
1111 1913 1202 1946 facta
1222 1918 1362 1956 patrum
1384 1914 1544 1946 concione
1565 1914 1714 1946 multum

411 1985 538 2028 diuque
561 1985 620 2017 ubi
645 1986 812 2018 disertum
838 1985 961 2024 fuerat,
989 1996 1069 2029 rege
1097 1990 1274 2028 praesente,
1303 1986 1470 2029 regnique
1499 1984 1716 2027 primatibus,

412 2062 542 2090 veteres
561 2058 797 2100 episcoporum
821 2058 1012 2090 sanctiones
1031 2056 1269 2100 <provincialia
1286 2061 1418 2090 statuta
1437 2057 1584 2098 vocant‚)
1603 2055 1717 2088 firma-

414 2129 463 2161 vit
480 2138 487 2160 ε
514 2140 620 2162 novas
638 2130 805 2173 quasdam
822 2130 865 2162 ad
885 2129 1093 2162 Christianae
1111 2130 1286 2174 religionis
1309 2129 1411 2162 decus
1434 2132 1467 2161 et
1491 2131 1716 2172 augmentum

415 2201 574 2233 omnibus
592 2202 817 2244 probantibus
831 2202 1067 2245 superaddidit
1082 2211 1089 2234 :
1107 2202 1312 2235 discordiam
1330 2200 1470 2234 sustulit
1488 2204 1590 2243 atque
1608 2200 1719 2232 extin-
