1955 2807
317 314 353 341 18
766 313 1161 344 ABERDONENSIUM

313 423 462 452 acturus.
490 419 581 452 Tum
599 419 806 458 Alexander,
824 421 965 463 quidam
982 422 1072 465 regis
1090 421 1221 454 nothus
1237 420 1289 462 (ut
1303 421 1490 465 ferebatur)
1508 423 1612 455 homo

312 491 462 523 nefarius
490 489 600 534 (cujus
626 491 882 533 improbitatem
904 503 1021 525 omnes
1039 492 1177 526 fuerant
1196 494 1320 536 perosi)
1340 497 1475 535 tempus
1494 494 1609 526 adesse

312 568 407 596 ratus
421 574 489 606 quo
508 563 714 606 episcopum,
732 563 797 595 sibi
809 564 851 596 ob
866 564 947 596 vitae
965 565 1203 607 impuritatem
1222 565 1405 603 infensum,
1423 576 1484 597 suo
1499 565 1613 607 oppri-

311 640 417 668 meret
436 635 590 673 arbitrio,
607 635 777 679 adjunctis
796 635 940 678 impuris
958 635 1176 678 quibusdam,
1193 640 1234 669 ut
1251 641 1430 679 paternam
1448 637 1611 680 injuriam

310 707 426 739 ulcisci
441 707 624 744 videretur,
642 707 790 749 episcopi
808 718 880 739 rem
895 708 1090 749 pecuariam
1104 708 1262 740 omnibus
1277 719 1355 740 cum
1372 708 1520 740 fortunis
1535 708 1611 740 abe-

309 779 371 822 git,
398 778 589 822 agrestibus
615 789 828 822 gregumque
857 779 1053 811 custodibus
1080 780 1322 812 contumeliose
1339 781 1443 813 caesis.
1491 779 1610 824 Agros

312 851 457 882 ecclesiae
474 850 666 882 subtractos
685 850 855 882 sceleratis
874 850 1090 892 quibusdam,
1109 861 1170 882 nec
1188 852 1290 883 deum
1307 863 1367 884 nec
1384 852 1539 885 homines
1555 863 1611 884 ve-

310 921 476 959 rentibus,
495 932 557 954 sua
574 921 715 953 libidine
733 921 882 963 partitus
900 922 1043 954 tradidit
1062 922 1229 954 colendos.
1273 922 1440 955 Ecclesiae
1458 924 1611 956 redditus

311 991 488 1033 (secundas
506 993 653 1024 decimas
676 993 808 1035 dicunt)
834 1003 913 1025 suos
937 993 1033 1036 regia
1057 993 1240 1026 donatione
1258 994 1417 1026 vocavit:
1444 995 1493 1027 ita
1509 994 1612 1027 homo

309 1066 465 1107 impurus
483 1075 544 1107 per
561 1064 681 1106 optimi
704 1065 868 1096 antistitis
891 1075 992 1108 agros
1015 1069 1048 1096 et
1070 1066 1197 1107 praedia
1220 1066 1280 1098 diu
1303 1070 1354 1098 est
1376 1066 1610 1099 debacchatus.

308 1136 381 1168 Nec
406 1136 577 1179 quispiam
596 1136 705 1168 voluit
730 1138 786 1176 (ne
810 1147 926 1179 regem
947 1136 1116 1168 offendere
1134 1137 1322 1180 videretur)
1347 1148 1418 1169 sese
1440 1138 1609 1169 vindicem

309 1219 488 1252 opponere.
528 1207 690 1240 Pontifex
707 1207 766 1240 ubi
784 1208 895 1240 illatas
914 1208 1058 1252 injurias
1077 1208 1207 1240 frustra
1223 1219 1302 1252 rege
1320 1219 1435 1241 coram
1451 1208 1610 1251 frequen-

312 1282 380 1314 tius
401 1285 542 1324 questus
560 1279 684 1317 fuerat,
702 1280 775 1312 sine
801 1281 871 1312 ulla
896 1280 1121 1322 reparationis
1146 1291 1215 1323 spe,
1233 1280 1483 1319 Alexandrum,
1504 1282 1607 1313 sacris

308 1352 532 1396 prohibitum,
550 1352 633 1383 diris
652 1352 869 1394 persequitur
890 1352 1172 1384 execrationibus.
1224 1351 1296 1384 Nec
1317 1357 1432 1385 tamen
1454 1353 1607 1385 animum

310 1429 543 1457 contumacem
562 1434 623 1455 nec
648 1424 922 1455 malevolentiam
945 1424 1062 1465 posuit
1079 1422 1287 1461 Alexander,
1306 1424 1364 1456 sed
1387 1425 1423 1456 in
1449 1425 1531 1461 dies,
1562 1425 1613 1456 ira

307 1502 341 1529 et
366 1497 444 1529 odio
471 1506 641 1533 accensus,
667 1495 863 1539 indigniora
888 1495 1109 1537 perpetravit.
1161 1494 1318 1527 Collectis
1341 1496 1479 1527 tandem
1507 1497 1608 1528 scele-

307 1569 391 1601 ratis
418 1567 623 1610 quibusdam
647 1567 706 1609 qui
729 1578 806 1599 eum
830 1567 1005 1609 impietate
1031 1566 1233 1605 referebant,
1257 1566 1492 1599 Aberdoniam
1516 1568 1604 1610 epis-

307 1651 430 1684 copum
454 1639 720 1672 obtruncaturus
743 1639 916 1671 concessit.
967 1638 1159 1681 Episcopus
1183 1648 1274 1676 vero,
1292 1648 1394 1680 quem
1412 1650 1480 1671 non
1504 1640 1605 1672 latuit

308 1713 390 1755 quid
421 1711 619 1743 Alexander
644 1712 833 1748 moliretur,
864 1710 978 1752 potius
1005 1709 1135 1742 Christi
1160 1710 1308 1742 ecclesiae
1333 1710 1476 1742 utilitati
1502 1721 1605 1752 quam

308 1785 390 1817 vitae
409 1785 598 1821 consulens,
616 1783 753 1815 obviam
770 1787 918 1825 tyranno
936 1782 1028 1814 ultro
1046 1781 1283 1825 progreditur:
1302 1792 1425 1813 canum
1443 1791 1607 1814 veneran-

308 1857 458 1898 dumque
483 1859 585 1897 caput
602 1854 701 1886 offert
724 1854 767 1886 ad
784 1853 1000 1895 supplicium,
1018 1853 1186 1895 inquiens,
1205 1851 1241 1884 Si
1266 1852 1330 1885 hoc
1355 1853 1453 1895 petis,
1479 1857 1605 1895 praesto

307 1933 367 1960 est.
419 1927 541 1959 Multis
567 1926 699 1958 animos
724 1925 834 1957 movit
859 1925 902 1957 ad
928 1925 1078 1961 meliora,
1109 1928 1211 1967 atque
1237 1924 1429 1967 lachrymas
1457 1926 1605 1958 excussit

306 2000 465 2043 praesulis
484 2002 636 2041 spectata
651 1998 783 2030 virtus:
801 2007 1001 2039 persuasum
1021 1997 1110 2034 inde,
1123 1996 1200 2029 licet
1215 1997 1333 2029 multis
1347 1996 1605 2039 difficilibusque

307 2070 592 2108 contentionibus,
611 2068 820 2107 Alexandro,
839 2073 878 2101 ut
900 2080 919 2100 a
937 2072 1035 2100 tanto
1053 2069 1175 2100 scelere
1196 2068 1395 2106 abstineret,
1426 2079 1468 2100 ne
1490 2069 1604 2100 dirum

305 2144 388 2175 adeo
406 2142 500 2174 nefas
518 2142 756 2185 perpetrando,
775 2152 870 2173 sacro
889 2140 1056 2184 sanguine
1073 2141 1165 2183 quod
1184 2138 1236 2181 (ea
1253 2141 1289 2173 in
1305 2142 1420 2183 gente)
1439 2140 1604 2173 hactenus

303 2218 375 2247 erat
397 2214 603 2251 inauditum,
628 2213 716 2245 foede
742 2213 825 2245 adeo
855 2213 1022 2254 pollueret
1049 2222 1181 2244 manus.
1233 2211 1395 2244 Pervenit
1422 2211 1526 2255 hujus
1555 2212 1604 2244 rei
