1955 2807
344 340 382 367 552
796 338 1191 370 ABERDONENSIUM

340 457 481 484 memor,
499 457 567 489 qua
585 447 699 479 nullus
718 447 827 491 magis
845 448 918 491 regi
937 449 1098 481 convenit
1115 448 1266 481 affectus.
1318 447 1461 480 Movere
1477 450 1551 492 regi
1568 450 1643 482 ani-

340 529 435 550 mum
454 517 649 560 frequentes
668 518 847 551 Wilhelmi
869 524 904 552 et
921 520 1132 563 tempestivae
1156 519 1411 552 adhortationes
1431 520 1473 552 ad
1490 520 1641 559 meliora,

340 594 378 621 ut
396 589 517 621 deinde
537 590 659 634 majori
677 601 782 633 quam
801 595 956 624 anteacto
971 596 1125 634 tempore
1142 592 1313 624 studuerit
1331 591 1462 634 pietati,
1482 591 1595 624 Deum
1609 597 1642 625 et

340 665 474 693 sanctos
493 662 542 694 ita
560 666 752 700 veneratus,
770 667 810 695 ut
824 664 957 705 quoties
974 663 1103 696 Christi
1118 663 1319 706 Deiparaeve
1333 663 1478 707 virginis
1497 663 1641 707 effigiem

340 734 377 765 in
395 735 533 776 templo,
551 734 587 766 in
598 733 683 772 foro,
702 735 738 766 in
756 735 888 777 plateis,
906 736 989 767 dum
1003 736 1118 778 aliquo
1133 735 1412 778 proficisceretur,
1425 734 1547 767 fuisset
1565 745 1643 767 con-

340 805 502 847 spicatus,
516 806 609 838 nudo
624 806 733 848 capite
747 817 824 838 cum
838 806 1024 849 lachrymis
1042 807 1243 849 plerumque
1258 817 1320 849 pro
1334 817 1396 838 sua
1409 807 1530 849 suique
1544 807 1641 851 regni

340 878 449 909 salute
467 888 580 919 preces
593 878 737 920 supplex
751 877 941 910 effunderet
953 888 961 916 3
981 879 1091 910 multa
1102 877 1268 910 tribueret
1282 879 1318 910 in
1331 889 1521 920 pauperum
1539 890 1641 911 usum

340 951 374 979 et
392 947 523 980 Christi
547 949 773 986 sacerdotum,
799 960 910 992 neque
935 950 1073 992 aliquod
1091 950 1270 992 templum,
1288 950 1492 981 sacellumve
1514 950 1642 982 celebre

340 1030 402 1051 suo
420 1020 455 1051 in
473 1030 580 1063 regno
598 1025 751 1058 noverat,
770 1021 860 1063 quod
884 1032 953 1053 non
977 1022 1092 1064 aliquo
1109 1022 1204 1065 regio
1227 1022 1316 1054 dono
1341 1032 1413 1054 suae
1436 1022 1573 1064 pietatis
1591 1023 1643 1055 in-

340 1091 430 1134 signi
448 1091 561 1123 suerat
579 1092 786 1124 decoratum.
818 1092 890 1124 Sub
907 1093 942 1124 id
960 1097 1095 1135 tempus
1114 1093 1292 1136 episcopus
1308 1093 1497 1132 Imolensis,
1516 1095 1642 1127 summi

341 1163 508 1205 pontificis
535 1164 679 1207 legatus,
706 1164 749 1196 ad
767 1163 934 1196 Jacobum
958 1175 1073 1208 regem
1096 1165 1191 1196 venit
1217 1165 1467 1208 erogandorum
1492 1166 1643 1208 complu-

340 1235 431 1266 rium
461 1235 723 1279 privilegiorum
754 1235 925 1268 nobilibus
952 1240 985 1268 et
1010 1235 1233 1279 popularibus
1261 1234 1313 1276 (ut
1335 1235 1386 1278 fit)
1413 1246 1539 1280 magna
1564 1247 1641 1269 cum

340 1310 517 1349 potestate.
570 1306 673 1339 Hunc
699 1318 759 1339 rex
783 1318 846 1339 sua
869 1318 931 1350 pro
955 1308 1123 1351 dignitate
1146 1312 1322 1350 acceptum
1346 1307 1517 1350 regalibus
1543 1308 1641 1341 donis

340 1378 487 1416 ornavit,
505 1383 539 1410 et
556 1389 670 1410 secum
685 1379 786 1410 duxit
799 1390 1003 1421 quocunque
1017 1380 1179 1421 perrexit,
1193 1379 1382 1422 peregrinis
1397 1378 1642 1412 confabulatio-

342 1449 442 1482 nibus
457 1449 653 1482 delectatus.
681 1449 812 1482 Evenit
828 1454 867 1482 ut
885 1461 945 1482 rex
957 1450 1180 1482 Lestauream
1198 1450 1373 1493 religionis
1392 1461 1493 1483 causa
1511 1455 1640 1493 petens,

340 1520 489 1553 nobilem
515 1522 686 1564 quendam
709 1522 811 1554 caedis
836 1522 978 1554 crimine
1004 1522 1207 1554 damnatum
1230 1521 1367 1554 obviam
1392 1522 1533 1555 haberet
1559 1534 1641 1556 eun-

340 1598 410 1625 tem
424 1594 467 1625 ad
480 1594 697 1636 supplicium,
712 1594 783 1636 qui,
794 1598 973 1637 conspecto
984 1594 1148 1636 principe,
1162 1594 1205 1626 ad
1219 1594 1292 1638 ejus
1309 1594 1410 1636 pedes
1424 1596 1638 1637 provolutus,

340 1666 445 1698 tensis
463 1665 499 1697 in
517 1676 595 1697 eum
612 1665 772 1697 manibus
786 1670 954 1708 quantum
972 1666 1192 1708 patiebantur
1205 1666 1351 1704 vincula,
1369 1667 1487 1698 multis
1506 1667 1640 1710 lachry-

340 1737 405 1770 mis
423 1737 482 1769 abs
501 1748 535 1769 se
553 1738 759 1780 supplicium
773 1738 1030 1780 deprecabatur,
1049 1737 1226 1770 obsecrans
1241 1748 1372 1770 memor
1389 1742 1477 1770 esset
1494 1739 1638 1771 clemen-

341 1810 400 1842 tiae
418 1809 453 1841 in
471 1820 540 1851 qua
557 1814 670 1841 sontes
688 1810 724 1841 in
742 1809 924 1842 manifesto
942 1810 1045 1842 etiam
1070 1810 1211 1841 crimine
1229 1814 1308 1841 ante
1326 1810 1543 1852 supplicium,
1569 1811 1640 1843 imo

341 1881 377 1913 in
395 1880 469 1923 ipso
487 1880 663 1922 supplicio,
681 1891 750 1912 non
768 1885 906 1922 possent
923 1891 992 1912 non
1010 1881 1139 1923 aliquid
1157 1891 1303 1923 sperare,
1321 1891 1363 1913 ne
1381 1880 1424 1913 ob
1444 1881 1640 1914 involunta-

340 1952 427 1984 riam
445 1952 568 1984 caedem
586 1956 657 1983 tam
675 1951 804 1983 foedum
818 1952 945 1994 populo
958 1952 1169 1994 praeberetur
1186 1953 1427 1994 spectaculum.
1467 1952 1559 1985 Tum
1576 1964 1637 1986 rex

342 2024 394 2065 (ut
407 2024 545 2068 ingenio
559 2023 651 2055 facili
669 2027 743 2055 erat
760 2024 803 2055 ad
817 2023 1076 2067 ignoscendum)
1096 2024 1138 2056 ad
1153 2024 1305 2067 legatum
1323 2034 1517 2061 conversus,
1535 2034 1637 2066 quem

341 2094 393 2136 (ut
411 2095 604 2137 videbatur)
631 2105 670 2127 ea
687 2095 723 2127 in
745 2105 781 2127 re
799 2095 909 2127 veniae
933 2095 1043 2128 voluit
1066 2099 1250 2134 auctorem,
1276 2095 1369 2133 Quid
1390 2095 1476 2127 mihi
1495 2093 1635 2138 (inquit)

339 2168 459 2199 suades
471 2166 486 2198 Ρ
502 2167 582 2199 Fiat
594 2165 721 2209 (inquit
731 2167 878 2210 legatus)
886 2167 1034 2210 justitia.
1055 2166 1146 2199 Tum
1159 2178 1220 2199 rex
1230 2167 1273 2199 ad
1285 2166 1520 2204 WVilhelmum,
1532 2177 1634 2209 quem

340 2238 440 2270 vultu
453 2238 527 2281 jam
544 2239 728 2271 concidisse
741 2242 971 2281 perspexerat,
989 2242 1022 2271 et
1039 2238 1082 2270 ob
1099 2238 1162 2271 hoc
1176 2238 1279 2282 legati
1292 2248 1494 2280 responsum
1511 2248 1633 2280 parum
