1955 2807
348 326 387 352 72
801 322 1198 353 ABERDONENSIUM

346 432 460 474 quiete
478 435 584 462 auctae
602 433 714 462 essent
732 428 891 463 florentes
909 441 999 474 opes,
1026 431 1132 463 animi
1156 430 1295 468 feroces,
1314 440 1477 473 novaeque
1494 430 1643 464 fortunae

346 512 532 546 permagna
545 501 725 543 cupiditas,
737 507 933 545 conceptam
944 503 1152 546 jampridem
1167 503 1265 540 iram,
1280 512 1484 545 omnemque
1494 501 1574 535 belli
1586 513 1644 545 ap-

344 578 503 616 paratum
522 584 624 616 quem
639 573 674 605 in
693 573 844 607 Francos
863 579 1055 617 paraverat,
1073 578 1251 607 convertat
1268 575 1304 606 in
1318 573 1435 607 Scotos
1450 583 1459 613 3
1479 574 1552 606 vim
1564 573 1643 607 belli

346 657 362 677 e
377 645 500 684 Gallia,
519 645 628 678 Scotis
644 646 853 684 auctoribus,
872 647 908 679 in
926 657 998 679 sese
1012 647 1154 679 minime
1168 645 1451 684 transferendam,
1466 645 1645 679 Scotorum

344 729 445 762 agros
468 718 692 761 populandos,
710 729 853 761 corpora
870 718 1077 751 conficienda
1094 718 1305 756 vulneribus,
1328 729 1390 761 pro
1414 718 1544 756 alienis,
1567 719 1645 751 licet

342 791 460 823 amicis
478 794 511 822 et
530 789 779 828 confoederatis,
795 790 935 822 minime
949 790 1139 834 objicienda
1154 800 1162 828 ;
1190 800 1300 832 neque
1314 789 1490 822 Gallorum
1509 794 1644 822 tantum

343 863 378 893 in
405 861 523 894 Scotos
550 862 711 893 meritum
739 872 822 899 esse,
851 872 961 904 neque
991 872 1065 893 eam
1092 860 1289 905 Anglorum
1315 861 1490 904 injuriam,
1516 867 1556 894 ut
1582 872 1645 904 pro

342 932 449 965 Gallis
468 943 546 965 cum
564 932 700 976 Anins,
717 937 820 976 gente
838 933 960 976 opibus
979 938 1012 966 et
1031 934 1160 966 virtute
1177 932 1297 965 bellica
1314 932 1467 971 florente,
1485 933 1520 965 in
1538 934 1645 965 aciem

342 1005 607 1044 descenderent3
634 1005 840 1049 legationem
865 1006 980 1048 potius
1004 1006 1218 1044 mittendam,
1244 1016 1320 1048 quae
1337 1005 1463 1038 bellum
1482 1006 1644 1038 adversus

340 1076 456 1109 Gallos
474 1077 622 1109 amicum
643 1077 820 1119 populum,
838 1082 1008 1119 quantum
1026 1077 1098 1110 fieri
1120 1078 1239 1120 possit,
1257 1078 1474 1113 dissuadeat;
1503 1077 1645 1110 Henrici

340 1159 542 1191 responsum
568 1149 827 1191 expectandum.
878 1148 937 1181 Ad
954 1149 1042 1181 hanc
1060 1159 1177 1181 vocem
1199 1153 1317 1181 tantus
1342 1150 1512 1182 tumultus
1529 1149 1645 1182 fremi-

330 1226 463 1264 tusque
489 1221 628 1253 obortus
654 1222 743 1253 inter
760 1232 827 1259 eos,
846 1221 982 1264 quibus,
1001 1221 1093 1264 quod
1119 1231 1298 1264 nunquam
1324 1220 1402 1253 belli
1429 1221 1643 1254 incommoda

339 1294 476 1326 fuerant
499 1294 641 1336 experti,
668 1294 877 1326 intentatum
896 1293 1021 1326 bellum
1040 1294 1137 1325 dulce
1156 1292 1347 1331 videbatur,
1372 1296 1412 1325 ut
1436 1293 1495 1324 vix
1517 1294 1643 1337 magis-

339 1370 495 1398 tratuum
520 1365 724 1397 auctoritate
750 1365 937 1397 sedaretur.
987 1364 1088 1396 Jacta
1113 1365 1191 1396 inde
1217 1365 1330 1406 palam
1357 1365 1392 1395 in
1416 1363 1643 1396 Wilhelmum

338 1438 501 1475 convicia,
522 1437 862 1480 improperatumque
888 1437 990 1479 quod,
1016 1447 1120 1468 senex
1146 1436 1284 1473 delirus,
1310 1436 1431 1468 stolide
1457 1439 1490 1467 et
1514 1435 1643 1478 impru-

338 1512 458 1544 denter
481 1515 599 1543 contra
623 1510 798 1553 publicum
825 1509 1053 1547 commodum,
1080 1513 1198 1541 contra
1223 1512 1379 1541 sanctum
1406 1507 1528 1547 foedus,
1554 1509 1642 1541 anti-

335 1594 509 1627 quamque
531 1583 643 1621 fidem,
662 1582 783 1615 fuisset
801 1583 945 1614 locutus.
996 1581 1114 1614 Prima
1131 1581 1240 1625 igitur
1257 1581 1437 1618 sententia,
1455 1579 1641 1613 lVilhelmo

308 1673 312 1677 -
337 1667 414 1689 cum
436 1665 616 1699 procerum
638 1655 736 1699 regni
760 1655 884 1687 minori
903 1654 1041 1697 quidem
1068 1654 1127 1686 sed
1153 1653 1284 1685 meliori
1307 1656 1404 1695 parte
1427 1653 1639 1690 adversante,

336 1728 490 1770 probata.
518 1727 654 1759 Bellum
669 1727 748 1759 inde
765 1737 826 1769 per
844 1726 1099 1758 caduceatorem
1115 1724 1241 1769 Anglis
1259 1725 1349 1756 illico
1366 1723 1425 1756 ubi
1442 1723 1478 1755 in
1493 1722 1639 1755 Galliam

337 1800 542 1844 trajecerant
579 1800 756 1837 indictum,
800 1797 969 1830 infelicem
1004 1798 1106 1840 paulo
1140 1801 1217 1839 post
1251 1796 1383 1828 exitum
1425 1795 1639 1827 sortiturum.

337 1872 475 1909 Quanta
498 1871 713 1903 incommoda
733 1870 797 1902 hoc
817 1870 944 1902 bellum
966 1869 1103 1911 utrique
1124 1869 1252 1911 populo
1277 1867 1442 1904 attulerit,
1461 1866 1640 1899 Scotorum

337 1943 501 1980 historiae,
519 1953 623 1985 quam
641 1941 807 1974 habemus
825 1942 861 1974 in
878 1940 1045 1979 manibus,
1060 1944 1254 1983 opportuno
1272 1940 1354 1977 loco,
1374 1942 1492 1971 nostro
1509 1949 1572 1981 pro
1589 1938 1641 1970 in-

336 2015 437 2058 genio
455 2014 684 2046 ostendemus.
736 2012 803 2045 Sed
830 2012 885 2045 hic
913 2012 1068 2045 terminis
1094 2011 1221 2044 nostris
1247 2011 1388 2043 minime
1413 2010 1638 2054 egrediemur.

336 2085 544 2119 WVilhelmus
559 2085 619 2118 ubi
631 2084 803 2118 funestam
816 2084 956 2122 cladem,
975 2083 1101 2116 infelici
1120 2094 1197 2116 cum
1209 2082 1334 2127 Anglis
1352 2091 1545 2126 congressu,
1563 2090 1640 2112 nos-

336 2162 407 2189 tros
421 2158 587 2200 accepisse
601 2161 820 2201 cognoverat,
831 2156 937 2189 animi
948 2156 1063 2188 dolore
1077 2159 1325 2192 consternatus,
1339 2154 1375 2186 in
1388 2163 1466 2185 eum
1480 2151 1638 2184 morbum

337 2228 467 2267 incidit,
485 2229 545 2271 qui
564 2229 606 2261 ad
625 2229 704 2262 vitae
721 2228 909 2262 terminum
931 2228 961 2260 ei
983 2227 1193 2270 perduravit.
1245 2225 1433 2267 Nunquam
1451 2227 1528 2266 post
1545 2223 1638 2256 illam
