1955 2807
725 318 1056 354 EPISCOPORUM
1078 316 1208 348 VITAE.
1581 314 1620 340 77

314 445 421 476 nocte,
441 437 589 481 vigilans
614 439 674 467 aut
699 436 929 475 experrectus,
954 438 1088 471 semper
1108 425 1231 459 habuit
1257 425 1292 457 in
1319 434 1386 456 ore.
1421 421 1559 454 Miseris
1586 427 1620 452 et

313 511 449 544 afflictis
467 506 692 552 quovismodo
710 504 794 536 adeo
812 501 1033 544 compatiens,
1057 503 1098 532 ut
1115 508 1234 531 eorum
1254 494 1470 529 incommoda
1488 493 1622 536 lachry-

313 585 377 616 mis
406 583 681 625 prosequeretur.
708 574 843 619 Objecti
868 572 1022 605 criminis
1046 571 1253 613 poenitentes
1277 567 1446 611 siquando
1470 566 1623 599 vidisset.

315 661 354 688 ut
368 654 548 697 benignus⁵
563 648 657 682 haud
671 648 778 680 durus
790 649 898 689 pater,
911 643 1002 676 dulci
1021 642 1139 680 affatu,
1157 640 1377 683 lachrymans
1396 638 1625 681 frequentius,

318 725 453 759 monuit
470 723 627 756 viverent
652 719 814 756 studiose,
833 717 942 749 scelus
963 726 1024 759 per
1046 715 1258 757 voluptatem
1283 722 1353 744 non
1380 710 1625 745 admitterent:

319 809 387 841 quo
405 796 564 829 effectum
584 798 624 826 ut
641 792 795 836 plerique
812 788 971 833 praesulis
989 798 1058 820 non
1076 792 1148 820 tam
1171 785 1376 819 auctoritate
1399 793 1504 826 quam
1530 782 1630 814 bene-

319 869 469 902 volentia
493 869 715 900 moverentur
743 863 785 895 ad
812 862 964 894 meliora.
1017 857 1203 892 wilhelmi
1229 861 1376 890 mortem
1403 860 1520 888 secuta
1545 854 1631 898 pub-

320 943 384 975 lica
402 940 575 974 moestitia.
626 936 889 970 Aberdonenses
907 933 999 966 enim
1018 936 1052 965 et
1070 932 1160 964 cives
1179 935 1213 963 et
1231 934 1411 967 matronae,
1431 928 1534 961 simul
1552 938 1630 959 cum

319 1016 419 1051 clero,
437 1023 516 1045 eum
534 1016 574 1044 ut
592 1013 770 1053 parentem
787 1007 848 1039 diu
865 1007 1039 1042 luxerunt,
1062 1008 1245 1047 querentes
1263 1001 1510 1034 Aberdonense
1529 1000 1631 1032 decus

321 1097 399 1119 cum
418 1096 458 1118 eo
476 1083 645 1119 cecidisse,
670 1090 778 1123 eoque
803 1082 940 1111 mortuo
962 1077 1116 1120 ipsorum
1138 1075 1311 1107 neminem
1332 1084 1402 1106 non
1426 1072 1499 1105 fore
1523 1071 1634 1105 infeli-

322 1169 405 1191 cem.
458 1155 544 1188 Haec
561 1151 862 1186 Aberdonensium
881 1149 1032 1192 querela.
1082 1147 1135 1180 De
1153 1146 1342 1179 wilhelmo
1363 1145 1451 1178 nihil
1474 1144 1635 1177 dubitan-

322 1231 416 1267 dum,
440 1226 536 1271 quin,
563 1225 606 1259 ob
632 1223 862 1267 amplissimas
889 1222 1047 1258 virtutes,
1074 1219 1117 1252 ob
1143 1218 1414 1252 sanctissimam
1433 1217 1505 1249 vita
1526 1221 1634 1260 gesta,

323 1304 488 1346 piumque
506 1300 542 1332 in
560 1298 674 1331 Deum
692 1301 726 1329 et
744 1295 900 1328 homines
918 1293 1090 1331 affectum,
1108 1292 1151 1324 ad
1175 1291 1292 1324 divam
1312 1290 1497 1333 virginem,
1522 1289 1576 1321 cui
1601 1300 1636 1320 se

325 1377 518 1408 adolescens
536 1372 732 1407 devoverat,
759 1373 792 1401 et
809 1368 864 1400 eui
883 1371 956 1399 tota
979 1366 1170 1398 serviverat
1193 1364 1276 1401 vita,
1303 1373 1407 1406 quam
1432 1362 1581 1405 templis,
1608 1362 1636 1393 si

326 1448 404 1480 licet
421 1446 542 1482 dicere,
569 1443 802 1478 decoraverat,
826 1449 1000 1482 quamque
1018 1437 1265 1480 imploraverat
1282 1436 1443 1473 moriens,
1462 1433 1635 1477 profectus

327 1521 383 1557 sit,
401 1529 479 1551 cum
498 1516 577 1549 Iesu
596 1514 774 1548 Salvatore
797 1510 984 1544 immortali
1002 1510 1075 1542 vita
1099 1513 1319 1553 regnaturus,
1346 1508 1388 1539 ad
1411 1517 1515 1550 quam
1533 1517 1568 1538 se
1587 1506 1637 1538 di-

328 1592 423 1624 cebat
455 1590 596 1622 iturum.
648 1585 736 1618 Erat
764 1594 875 1617 annus
906 1593 975 1626 quo
1005 1581 1215 1614 lVilhehnus
1241 1580 1313 1613 fato
1342 1584 1393 1612 est
1421 1579 1635 1622 absumptus,

329 1663 460 1696 Christi
484 1660 629 1704 originis
652 1657 840 1691 secundum
861 1665 998 1688 carnem
1022 1658 1167 1698 quartus
1191 1653 1344 1685 decimus
1370 1662 1475 1695 supra
1499 1646 1689 1684 millesi-A.
1705 1648 1747 1680 D.
1771 1650 1870 1680 1514.

330 1746 426 1768 mum
444 1731 771 1776 quingentesimum,
798 1729 896 1772 regni
913 1726 1033 1760 Jacobi
1053 1726 1176 1765 Quinti
1202 1725 1382 1758 secundus.
1436 1724 1564 1756 Coorta
1587 1728 1636 1756 est

332 1819 422 1840 anno
439 1806 558 1839 eodem
573 1802 783 1837 Aberdoniae
796 1801 913 1845 gravis
931 1799 1137 1842 pestilentia,
1155 1808 1235 1842 quae
1249 1797 1335 1829 duos
1354 1796 1517 1829 continuo
1531 1806 1639 1828 annos

333 1878 543 1922 perduravit.
595 1875 761 1908 Mortales
779 1884 818 1905 ea
836 1873 926 1905 cives
945 1871 1148 1914 absumpsit,
1175 1874 1260 1913 quot
1284 1869 1380 1901 nulla
1399 1873 1501 1901 antea
1519 1868 1640 1900 similis

335 1951 515 1983 hominum
533 1947 707 1980 memoria.
751 1945 924 1978 Effectum
943 1944 1023 1976 inde
1040 1948 1080 1975 ut
1093 1942 1339 1975 Aberdonense
1358 1940 1551 1973 universale
1570 1944 1642 1971 stu-

335 2024 431 2055 dium
449 2020 568 2054 multis
586 2018 689 2051 simul
708 2016 934 2050 incommodis
953 2015 1153 2047 afficeretur.

387 2167 470 2199 Post
482 2165 672 2198 extinctum
684 2161 922 2198 lVilhelmunu
937 2159 1092 2192 condicto
1105 2158 1160 2191 die
1174 2158 1216 2190 ad
1230 2156 1425 2201 pontificem
1439 2157 1646 2201 eligendum,

340 2239 580 2272 canonicorum
591 2234 809 2268 conventioni
822 2243 932 2265 comes
947 2231 1132 2269 Huntleus,
1144 2231 1198 2262 vir
1209 2229 1333 2263 nobilis
1344 2234 1377 2262 et
1389 2229 1583 2272 opulentus,
1597 2230 1647 2262 in-
