1955 2807
738 320 1067 351 EPISCOPORUM
1091 320 1218 351 VITAE.
1590 325 1629 351 53

325 427 495 470 probasse,
516 428 677 461 Haeccine
695 427 836 472 (inquit)
855 434 906 462 est
930 429 1095 461 Italorum
1124 429 1339 461 sacerdotum
1366 429 1627 461 misericordia?

325 500 424 543 longe
443 500 542 532 aliter
558 500 644 533 mihi
662 501 805 532 suadere
823 511 1046 533 consueveras
1062 510 1070 532 t
1098 501 1330 543 adversusque
1347 501 1451 544 legati
1470 501 1628 533 immani-

325 575 430 604 tatem
449 572 647 610 detestatus,
671 571 764 604 haud
788 572 969 603 immemor
986 576 1156 614 quantum
1181 572 1361 604 clementia
1384 583 1480 616 reges
1499 573 1626 611 deceat,

325 641 413 680 Fiat,
426 643 594 685 inquiens,
608 643 851 681 misericordia,
864 647 996 675 sontem
1005 643 1147 675 crimine
1158 642 1316 680 absolvit,
1328 644 1431 675 simul
1444 645 1625 676 ostendens

322 718 355 745 et
378 714 548 756 principes
575 718 732 757 oportere
758 725 830 747 esse
857 715 1049 752 clementes,
1076 718 1109 746 et
1127 714 1273 757 impium
1292 714 1339 746 eis
1357 715 1625 748 misericordiam

321 785 526 818 dissuadere.
554 785 760 830 Augebatur
778 787 886 819 indies
905 787 1104 819 continuata
1121 786 1212 830 regis
1227 797 1310 830 erga
1324 786 1550 819 &villielmum
1570 787 1625 820 be-

320 859 525 896 nevolentia,
553 859 636 891 adeo
662 864 712 897 ut,
738 860 871 902 quoties
898 860 933 891 in
960 870 1066 903 regno
1094 869 1259 903 magnum
1290 859 1421 901 aliquid
1451 860 1624 903 agendum

319 934 403 967 erat,
429 941 519 962 unus
543 930 734 975 eligebatur
752 931 811 974 qui
829 936 1016 974 praeesset:
1044 935 1142 963 tanta
1164 935 1238 963 erat
1264 931 1300 962 in
1323 930 1462 963 homine
1485 942 1621 964 morum

318 1001 482 1040 decentia,
501 1007 598 1035 tanta
614 1003 801 1037 dexteritas
819 1003 960 1047 ingenii.

365 1072 466 1106 Jacta
498 1079 596 1106 erant
631 1079 706 1107 tum
740 1075 924 1107 seminaria
954 1074 1065 1106 futuri
1095 1073 1184 1111 belli,
1214 1074 1396 1116 periculosi
1423 1075 1620 1113 admodum,

317 1145 407 1177 inter
436 1145 640 1178 Eduardum
670 1145 868 1190 Anglorum
898 1157 1015 1190 regem
1046 1150 1080 1178 et
1107 1145 1277 1178 Jacobum
1307 1145 1477 1178 Tertium.
1530 1146 1623 1179 Huic

317 1217 450 1249 vulneri
477 1218 656 1260 apparenti
680 1223 752 1250 tam
778 1229 872 1250 saevo
897 1218 1059 1261 objicitur
1078 1216 1312 1255 lVilhelmus;
1341 1218 1401 1259 qui
1427 1218 1553 1250 missus
1576 1219 1622 1251 le-

315 1294 416 1331 gatus
435 1290 478 1321 ad
496 1289 713 1328 Eduardum,
731 1291 894 1322 mandata
912 1291 1007 1333 regia
1031 1290 1078 1322 sic
1104 1290 1263 1331 exposuit
1286 1289 1440 1321 oratione
1463 1290 1563 1334 gravi
1587 1296 1620 1323 et

314 1361 473 1404 eleganti,
503 1366 542 1393 ut
576 1362 724 1394 duorum
758 1362 953 1404 principum
982 1362 1089 1393 animi
1121 1361 1185 1393 hac
1215 1372 1284 1393 una
1310 1362 1489 1405 legatione,
1517 1373 1619 1405 opera

316 1430 505 1470 wilhelmi,
524 1432 572 1464 ita
596 1433 632 1465 in
657 1444 763 1465 unam
787 1434 994 1465 sententiam
1020 1433 1173 1470 coierint,
1197 1437 1237 1465 ut
1260 1433 1351 1465 inter
1372 1444 1428 1465 eos
1454 1438 1619 1476 perpetua

314 1514 382 1546 pax
402 1502 467 1544 (uti
492 1504 686 1548 videbatur)
708 1504 830 1537 fuisset
853 1504 998 1543 firmata,
1024 1505 1091 1537 nisi
1113 1505 1277 1537 intestino
1300 1504 1387 1537 bello
1407 1506 1497 1538 inter
1514 1505 1621 1539 Alex-

312 1575 459 1608 andrum
477 1575 637 1609 Albaniae
655 1577 775 1609 ducem
802 1581 834 1609 et
861 1587 977 1621 regem
1003 1588 1042 1609 eo
1068 1576 1232 1619 temporis
1257 1576 1408 1615 suborto,
1426 1576 1618 1621 fugientem

311 1646 550 1680 Alexandrum
568 1647 755 1681 Eduardus
773 1648 990 1691 hospitaliter
1007 1649 1199 1691 recepisset,
1218 1648 1436 1692 juvissetque
1454 1649 1560 1692 copiis
1583 1655 1619 1683 et

310 1718 474 1761 impensis
498 1724 617 1752 contra
640 1719 796 1752 fratrem.
847 1720 1082 1758 Quamobrem
1107 1720 1201 1752 haud
1227 1721 1337 1752 multo
1363 1724 1441 1763 post
1464 1725 1616 1764 tempore

309 1790 399 1823 inter
431 1793 574 1834 populos
609 1792 778 1825 indictum
812 1797 864 1825 est
899 1792 1036 1825 bellum.
1089 1792 1290 1824 Formidare
1325 1797 1474 1835 coeperat
1499 1798 1615 1826 noster

308 1862 465 1905 princeps
483 1874 552 1896 non
570 1868 640 1896 tam
660 1863 858 1908 Anglorum
878 1865 950 1897 vim
977 1875 1081 1907 quam
1107 1874 1260 1903 suorum,
1279 1864 1370 1907 quod
1397 1865 1492 1897 ducis
1509 1864 1615 1898 Alex-

307 1933 406 1965 andri
437 1935 592 1976 partibus
622 1936 814 1978 primorum
841 1937 998 1968 nonnulli
1026 1937 1103 1979 plus
1134 1947 1230 1979 aequo
1253 1935 1369 1968 favere
1395 1936 1612 1969 videbantur.

306 2004 390 2037 Post
409 2007 505 2038 varia
522 2017 637 2039 rerum
655 2008 862 2045 discrimina,
890 2008 933 2040 ad
957 2018 1125 2050 apparens
1150 2008 1340 2050 periculum
1365 2007 1610 2051 effugiendum,

305 2081 344 2109 ut
361 2077 442 2109 huic
460 2077 546 2110 bello
564 2078 641 2111 finis
659 2079 904 2122 imponeretur,
918 2078 1126 2111 VVilhelmus
1146 2079 1301 2111 omnium
1320 2090 1487 2112 consensu
1501 2079 1611 2124 objec-

303 2152 407 2181 tatur.
459 2149 614 2183 Functus
632 2155 684 2183 est
701 2161 783 2194 ergo
801 2150 949 2183 secunda
967 2151 1137 2194 legatione
1163 2151 1207 2183 ad
1224 2149 1429 2184 Eduardum
1447 2162 1510 2194 pro
1527 2162 1609 2195 pace

302 2229 498 2265 regnorum,
525 2232 587 2264 pro
613 2222 708 2255 ducis
729 2221 920 2255 Alexandri
945 2222 1243 2256 reconciliatione:
1269 2223 1312 2256 ad
1330 2233 1433 2266 quem
1458 2224 1607 2257 secundo
