1955 2807
679 370 1014 402 EPISCOPORUM
1037 369 1166 399 Vl'rAE.
1538 367 1578 394 65

274 482 416 519 casulas,
435 482 568 513 tunicas
591 485 736 519 vocant3
764 491 807 513 ex
831 481 952 512 villosa
977 479 1090 522 bysso,
1116 482 1192 510 octo
1217 486 1323 519 supra
1338 475 1474 519 viginti.
1514 475 1580 508 His

276 553 435 586 omnibus
456 553 614 585 laterales
631 552 738 590 fibrae,
763 552 875 584 aureis
899 550 1115 587 staminibus,
1136 549 1261 592 quibus
1278 548 1437 581 divorum
1456 546 1582 591 effigies

278 627 421 658 intextae
438 624 504 657 filis
522 624 682 667 byssinis,
706 623 879 660 coccineis,
905 622 1098 664 purpureiS,
1124 620 1369 663 hyacinthiniS,
1392 630 1477 652 auro
1494 629 1584 651 com-

277 698 405 730 mixtis.
444 696 581 738 Septem
607 705 649 727 ex
675 694 778 738 bysso
803 694 976 737 palmata3
1003 692 1057 725 his
1083 692 1240 724 laterales
1264 690 1410 724 fimbriae
1435 691 1583 734 byssinis

278 768 493 806 staminibus,
511 767 619 800 stellis
643 767 755 799 aureis
780 766 931 799 consitis.
969 764 1026 797 Ex
1045 764 1146 808 bysso
1166 764 1318 806 palmata
1343 767 1445 805 atque
1473 763 1585 795 undu-

277 842 348 873 lata
365 840 501 884 viginti,
519 839 561 872 ad
579 849 765 882 puerorum
783 848 884 871 usum
903 838 939 870 in
960 837 1064 870 sacris
1083 834 1400 879 supplicationibus,
1418 839 1457 867 ut
1474 835 1587 877 splen-

279 912 427 945 didiores
451 912 494 944 ad
518 911 583 943 Dei
606 911 742 943 laudem
761 911 830 943 sint
848 910 1076 942 deductiones.
1104 908 1238 940 Praeter
1254 907 1339 945 haec,
1357 907 1400 939 ad
1417 907 1589 950 quotidia-

280 995 364 1017 num
390 995 503 1022 usum,
534 984 727 1026 complures
754 987 865 1015 vestes
895 992 998 1014 sacrae
1023 991 1066 1013 ex
1091 991 1188 1013 cocco
1214 979 1384 1022 byssoque
1409 980 1586 1012 undulata.

283 1057 379 1089 Crux
405 1055 547 1093 Christi,
577 1066 654 1088 cum
686 1054 839 1087 crucifixi
869 1054 1062 1090 simulacro,
1097 1051 1300 1084 candelabra
1333 1051 1411 1090 duo,
1445 1052 1589 1084 totidem

281 1127 468 1166 thuribula,
495 1127 620 1171 quibus
647 1126 728 1159 thus
753 1127 920 1163 adoletur,
946 1135 1073 1162 acerra,
1099 1134 1159 1156 sex
1181 1124 1330 1167 phyalae,
1358 1125 1476 1157 calices
1503 1129 1588 1162 octo,

282 1201 505 1238 textuarium,
536 1209 620 1231 vasa
644 1199 713 1231 duo
741 1197 979 1239 (eucharistias
1005 1197 1115 1229 nostri
1142 1197 1279 1240 vocant)
1306 1196 1442 1239 quibus,
1471 1197 1591 1230 adora-

281 1274 386 1306 tionis
407 1284 511 1306 causa
537 1283 557 1305 a
574 1273 712 1315 populo,
731 1271 862 1304 Christi
888 1281 1011 1313 corpus
1034 1269 1311 1312 deportandum3
1339 1270 1487 1302 alterum
1504 1271 1590 1303 duos

282 1346 414 1379 cubitos
433 1346 552 1383 altum,
570 1344 761 1377 incredibili
779 1342 972 1376 confectum
991 1347 1074 1375 arte.
1128 1341 1253 1380 Pelvis,
1278 1342 1464 1375 cantharus
1481 1343 1525 1375 ad
1542 1344 1591 1376 la-

284 1428 437 1455 vacrum,
455 1428 516 1449 vas
535 1417 578 1449 ad
592 1416 805 1449 benedictam
821 1426 945 1458 aquam
962 1414 1283 1447 circumvehendam
1297 1425 1375 1447 cum
1389 1415 1590 1458 aspersorio,

287 1488 403 1521 onmia
419 1499 462 1520 ex
478 1498 563 1520 auro
581 1490 793 1532 argentoque
815 1485 1011 1519 fabrefacta.
1048 1485 1215 1518 Sindones
1233 1487 1410 1519 nonnullae
1429 1486 1590 1530 byssinae,

284 1561 397 1594 aureis
414 1560 479 1593 filis
497 1560 592 1592 varie
609 1562 790 1597 contextae,
814 1559 990 1591 nonnullae
1014 1558 1239 1591 subtilissimo
1256 1569 1298 1591 ex
1316 1559 1476 1592 candenti
1493 1560 1565 1593 lino
1581 1570 1589 1592 ε

286 1632 411 1676 quibus
429 1632 554 1665 intexti
571 1631 670 1664 flores
688 1631 785 1664 vario
802 1631 913 1663 colore
931 1641 972 1663 ex
990 1630 1101 1673 bysso.
1154 1629 1220 1663 His
1244 1641 1419 1664 sacrorum
1437 1635 1590 1675 tempore

286 1709 490 1738 sternuntur
507 1704 642 1737 altaria.
669 1702 763 1736 Arca
781 1714 822 1736 ex
836 1714 1006 1746 cupresso,
1020 1703 1217 1747 margaritis
1235 1708 1268 1736 et
1285 1704 1431 1748 gemmis
1449 1706 1590 1744 consita,

288 1778 376 1809 mira
387 1777 591 1809 concinnata
601 1780 685 1814 arte,
695 1787 763 1819 qua
771 1775 982 1808 venerabiles
994 1779 1191 1808 sanctorum
1202 1777 1364 1820 reliquiae,
1371 1788 1455 1811 auro
1468 1789 1590 1823 argen-

287 1855 390 1891 toque
414 1849 561 1886 insertae,
580 1848 810 1880 venerationis
828 1859 928 1880 causa
947 1853 1203 1881 conservantur.
1256 1848 1372 1882 Habet
1389 1852 1589 1893 campanile,

289 1921 456 1953 immensa
478 1920 661 1953 altitudine
684 1920 870 1958 sublatum,
889 1921 943 1952 cui
968 1920 1122 1963 lapideus
1146 1931 1245 1953 arcus
1269 1921 1379 1954 instar
1401 1922 1589 1965 imperialis

289 1992 502 2030 diadematis,
528 1992 616 2024 mira
633 1997 706 2025 arte
724 1991 944 2030 fabrefactus,
962 1992 1158 2035 plumbeam
1177 2004 1282 2036 supra
1303 1998 1470 2027 tecturam
1493 1995 1590 2028 adhi-

290 2064 399 2102 betur,
425 2064 588 2096 tredecim
616 2074 809 2106 campanas,
838 2065 1021 2097 melodiam
1050 2069 1084 2097 et
1107 2065 1200 2107 piam
1224 2065 1442 2099 audientibus
1470 2067 1591 2111 volup-

289 2140 397 2169 tatem
423 2140 593 2169 sonantes.
646 2135 729 2168 Haec
752 2136 869 2168 omnia
893 2135 1073 2168 &vilhelmi
1092 2137 1244 2170 donaria.
1296 2137 1346 2171 Et
1369 2143 1408 2172 ut
1433 2140 1591 2184 religioni

290 2209 394 2242 simul
412 2213 515 2252 atque
532 2209 698 2243 doctrinae
718 2220 758 2242 eo
775 2210 812 2242 in
830 2209 972 2254 collegio
990 2220 1093 2252 opera
1116 2210 1347 2254 impendatur,
1373 2213 1525 2247 instituti
1548 2214 1592 2247 ad

291 2281 410 2315 divina
423 2282 576 2325 quotidie
591 2282 790 2326 exequenda
806 2282 996 2315 sacerdotes
1010 2285 1096 2321 octo,
1110 2287 1154 2321 et,
1168 2294 1253 2327 quos
1267 2285 1308 2318 de
1321 2287 1469 2319 secunda
1482 2286 1594 2321 forma

932 2355 946 2378 1
