1955 2807
704 306 1035 341 EPISCOPORUM
1058 302 1187 334 VITAE.
1562 297 1601 324 35

290 429 342 461 dis
360 428 526 460 damnum
543 423 744 466 reciperent,
761 419 904 452 minime
921 416 1109 459 quieturos.
1161 408 1267 443 Multi
1286 408 1374 440 hanc
1392 403 1597 438 sententiam

292 500 409 533 secuti.
460 497 543 535 Alii,
562 495 726 528 suadente
741 491 887 527 Thoma,
905 489 1006 531 longe
1024 486 1123 518 aliter
1141 482 1380 515 existimavere
1395 487 1404 516 ς
1429 477 1531 509 fidem
1546 475 1599 506 vel

292 572 383 605 hosti
402 569 617 604 servandam,
642 565 777 608 regium
795 563 1024 594 commeatum
1043 556 1184 589 minime
1203 552 1415 588 violandum,
1432 549 1526 582 haud
1544 548 1600 580 de-

293 655 366 678 cere
395 645 530 675 tantum
561 647 678 681 regem
703 635 839 668 violatae
861 631 940 664 fidei
970 639 1069 673 posse
1096 625 1300 661 insimulari,
1331 634 1399 656 non
1426 632 1498 654 esse
1525 619 1602 652 Bri-

292 715 439 749 tannicae
465 710 606 744 virtutis
630 707 753 752 quavis
781 715 860 738 cum
883 706 985 748 gente
1010 701 1088 733 dolo
1114 697 1328 731 contendere.
1381 694 1534 726 Multum
1559 691 1602 723 ad

294 787 427 832 Anglos
445 785 602 821 attinere,
620 781 680 824 qui
698 778 807 812 Scotis
831 780 865 809 et
887 773 1064 818 opulentia
1081 775 1115 804 et
1132 771 1263 803 virtute
1283 776 1416 808 semper
1434 764 1529 796 fuere
1547 773 1604 795 su-

292 859 453 902 periores,
468 856 580 888 illatas
595 852 740 897 injurias
754 848 892 893 quando
906 846 1006 879 aliter
1019 853 1179 887 reparare
1197 851 1266 873 11011
1280 841 1430 882 possent,
1445 846 1513 868 11011
1527 835 1605 866 (1010

294 932 353 964 sed
383 928 523 973 paribus
554 922 807 960 incursionibus
837 916 1197 964 populationibusque,
1227 913 1297 945 imo
1327 911 1428 953 plane
1459 908 1487 940 si
1518 916 1603 950 opus

294 1003 399 1036 fuerit
418 1000 532 1033 Marte
549 997 678 1031 ulcisci.
726 994 857 1027 Idcirco
870 990 1031 1024 Albaniae
1050 988 1171 1020 ducem
1189 988 1310 1017 contra
1327 982 1457 1025 regiam
1476 978 1607 1022 pollici-

295 1075 461 1108 tationem
486 1071 629 1104 minime
654 1069 690 1100 in
707 1066 839 1110 Anglia
863 1061 1093 1096 retinendum.
1145 1055 1357 1089 Mittendum
1385 1054 1421 1085 in
1446 1051 1606 1094 patriam,

297 1146 459 1190 regioque
477 1153 571 1175 more
591 1137 837 1173 comitandum.
889 1133 930 1166 Id
948 1133 991 1165 ad
1009 1129 1167 1164 Eduardi
1185 1131 1373 1170 spectatam
1393 1124 1506 1161 fidem,
1532 1132 1610 1165 pro-

296 1219 410 1251 batam
435 1216 603 1248 virtutem
622 1210 831 1255 Anglorum,
857 1206 955 1250 regni
981 1203 1208 1247 splendorem,
1234 1198 1426 1241 plurimum
1453 1194 1608 1227 attinere.

297 1290 391 1324 Vicit
408 1289 482 1322 haec
499 1285 670 1320 sententia
685 1292 692 1315 :
714 1292 818 1326 quam
836 1282 984 1315 secutus,
1002 1285 1064 1308 rex
1077 1271 1318 1306 Alexandrum
1332 1269 1464 1304 ducem,
1482 1266 1611 1298 delecto

297 1374 375 1396 cum
393 1361 550 1405 equitatu
568 1359 805 1401 apparatuque
827 1349 1020 1395 magnifico,
1035 1351 1069 1379 et
1087 1345 1260 1377 Thomam
1275 1341 1483 1383 episcopum,
1501 1336 1611 1369 omni-

299 1435 362 1467 bus
376 1444 453 1466 cum
468 1430 613 1473 captivis
632 1425 814 1469 (celocibus
828 1421 1012 1463 restitutis)
1031 1417 1142 1451 mittit
1160 1415 1196 1447 in
1211 1413 1372 1449 Scotiam,
1389 1410 1449 1442 ubi
1460 1408 1482 1441 J
1485 1407 1610 1441 acobus

299 1517 358 1539 rex
388 1507 605 1547 expectatum
636 1499 780 1531 fratrem
811 1495 1055 1528 adventantem
1083 1485 1277 1521 incredibili
1308 1482 1431 1516 laetitia
1460 1480 1587 1523 recepit
1603 1489 1610 1511 ε

300 1578 429 1611 nobiles
447 1575 592 1619 Anglos,
610 1572 670 1615 qui
692 1571 813 1602 ducem
830 1563 1061 1599 venerationis
1078 1560 1194 1605 gratia
1210 1557 1350 1590 fuerant
1367 1553 1532 1591 comitati,
1555 1551 1611 1584 be-

300 1650 439 1695 nignius
466 1646 674 1688 complexus,
699 1641 793 1675 omni
819 1637 959 1672 honoris
985 1644 1109 1680 genere
1135 1630 1271 1664 affecit:
1301 1637 1399 1671 quos,
1425 1625 1485 1657 ubi
1505 1623 1609 1667 regiis

301 1720 467 1755 conviviis
493 1718 625 1760 aliquot
650 1715 722 1748 dies
748 1714 941 1748 ornaverat,
967 1703 1206 1740 asturconibus
1233 1701 1408 1733 variorum
1434 1705 1611 1741 generum,

302 1791 521 1836 accipitribus
537 1787 712 1825 venaticis,
730 1782 942 1826 odorisequis
960 1784 994 1813 et
1011 1775 1190 1822 sagacibus
1208 1772 1360 1809 canibus,
1378 1769 1522 1811 aliisque
1539 1776 1611 1799 am-

303 1864 465 1908 plissimis
480 1860 691 1898 muneribus,
704 1857 801 1901 regia
817 1866 880 1899 pro
892 1852 1072 1897 dignitate,
1090 1849 1233 1881 donatos
1252 1856 1273 1878 a
1289 1854 1325 1877 se
1339 1840 1470 1875 dimisit
1488 1840 1524 1872 in
1538 1838 1612 1871 An-

305 1937 432 1981 gliam3
451 1934 564 1967 missis
578 1942 656 1964 cum
671 1931 719 1963 eis
732 1928 866 1973 legatis,
885 1933 1034 1970 quorum
1047 1920 1241 1965 praecipuus
1254 1916 1409 1950 Thomas
1426 1916 1552 1948 noster,
1570 1910 1613 1942 ad

307 2007 522 2042 Eduardum,
539 2004 599 2047 qui
616 2001 799 2046 magnifico
823 1998 898 2043 regi
916 1996 960 2030 ob
983 1998 1161 2038 expertam
1187 1992 1223 2024 in
1248 1995 1453 2033 germanum
1478 1986 1612 2016 tantam

307 2077 579 2113 benevolentiam
605 2073 734 2118 gratias
760 2073 925 2116 agerent3
956 2077 1075 2111 pacem
1100 2069 1135 2097 et
1159 2062 1271 2096 foedus
1296 2060 1371 2104 jam
1397 2061 1498 2089 antea
1522 2055 1613 2087 inter

308 2162 404 2197 reges
422 2155 456 2183 et
474 2148 619 2193 populos
632 2146 769 2182 initum,
782 2143 975 2186 piratarum
993 2142 1028 2171 et
1043 2134 1318 2170 latrunculorum
1332 2128 1548 2173 quorundam
1563 2126 1615 2159 in-

308 2221 534 2259 cursionibus,
546 2222 715 2263 quantum
727 2226 788 2259 per
798 2224 855 2247 eos
866 2211 939 2246 fieri
951 2213 1095 2254 poterat,
1106 2207 1249 2251 paulum
1261 2201 1504 2237 labefactatum
1516 2207 1615 2231 reno-
