1955 2807
325 346 366 372 28
784 345 1180 377 ABERDONENSIUM

331 452 517 484 illustrium
534 452 727 494 praesertim
746 453 910 486 virorum.
963 452 1139 498 Siquidem
1157 455 1211 487 cui
1230 454 1329 486 initia
1347 455 1430 487 adeo
1446 454 1541 488 fuere
1559 456 1631 489 feli-

331 523 392 560 cia,
419 527 458 555 ut
481 527 515 555 et
545 522 702 556 Franciae
725 529 758 556 et
779 523 919 569 Angliae
950 537 984 558 se
1007 537 1123 570 regem
1151 526 1368 570 gloriaretur,
1395 537 1634 559 consenescens

330 593 508 637 profugus,
523 595 682 633 extorris,
700 597 819 638 procul
842 598 964 639 patria,
982 602 1165 640 postquam
1184 598 1275 630 inter
1298 597 1449 630 Francos
1467 602 1500 630 et
1518 598 1636 630 Scotos

330 664 428 708 (quos
452 667 601 699 secunda
625 666 765 700 fortuna
790 668 960 701 hostiliter
982 670 1065 702 adeo
1088 669 1201 702 fuerat
1224 670 1436 713 persecutus)
1456 669 1630 713 refugium

329 738 542 780 quaesivisset
559 743 593 771 et
611 739 804 771 subsidium
822 749 829 771 :
847 751 868 772 a
884 741 955 773 suis
973 746 1092 784 captus
1110 741 1317 785 ignobiliter,
1336 753 1481 786 regnum
1500 746 1633 774 utrum-

328 820 405 852 que,
423 810 501 842 inde
520 811 627 842 vitam
645 811 681 842 in
694 811 839 843 vinculis
861 812 985 844 amisit.
1021 811 1077 844 Ad
1097 811 1268 844 Thomam
1288 813 1387 844 redeo
1403 822 1410 844 :
1428 814 1456 845 is
1476 811 1529 853 (ut
1546 813 1633 845 dixi-

327 882 418 924 mus)
438 880 640 913 Eduardum
668 881 815 925 fugiens,
840 882 989 914 Scotiam
1016 882 1071 923 (ne
1089 883 1132 915 ab
1150 882 1395 922 Eduardianis,
1421 886 1481 926 qui
1507 885 1631 917 itinera

328 951 564 989 observabant,
599 953 875 997 interciperetur)
905 958 1019 996 petere
1045 965 1216 993 recusans,
1244 956 1280 987 in
1307 954 1454 987 Galliam
1485 956 1631 988 mendici

327 1023 447 1056 habitu
473 1024 631 1067 trajecit:
662 1025 720 1057 ubi
747 1026 960 1068 aliquamdiu
984 1030 1035 1059 est
1053 1031 1284 1059 commoratus
1311 1038 1389 1059 cum
1408 1026 1532 1059 Carolo
1551 1027 1633 1070 Sep—

327 1097 421 1133 timo,
448 1096 507 1138 qui
533 1107 572 1128 eo
597 1095 863 1129 familiarissime
889 1103 939 1130 est
970 1109 1064 1136 usus,
1093 1103 1296 1141 secutusque
1323 1099 1396 1142 ejus
1423 1099 1629 1132 sententiam

326 1168 361 1199 in
381 1168 499 1200 multis
518 1167 618 1199 rebus
637 1168 802 1211 gravibus
821 1170 971 1212 agendis.
1007 1169 1180 1202 Dimissus
1204 1171 1343 1202 tandem
1361 1181 1381 1202 a
1399 1181 1478 1214 rege
1497 1170 1630 1208 Carolo,

326 1239 361 1270 in
375 1239 523 1281 patriam
537 1240 677 1283 navigio
688 1244 740 1272 est
753 1251 910 1273 reversus
924 1251 932 1280 ;
948 1241 1018 1279 ubi,
1030 1241 1073 1273 ob
1086 1242 1389 1284 praestantissimas
1402 1242 1508 1273 animi
1524 1242 1631 1279 dotes,

325 1309 515 1343 Alexandri
529 1311 635 1349 Vaus,
655 1312 721 1344 viri
741 1312 864 1345 nobilis
883 1317 916 1345 et
932 1313 1068 1351 eruditi,
1087 1314 1146 1356 qui
1164 1318 1239 1345 tum
1258 1313 1423 1345 Candidae
1443 1313 1540 1345 Casae
1558 1324 1630 1345 rem

325 1393 455 1415 sacram
474 1382 622 1421 tenebat,
646 1394 759 1426 opera,
778 1383 1039 1417 Gallovidianus
1058 1385 1235 1428 episcopus
1254 1389 1304 1417 est
1331 1386 1532 1417 declaratus.
1585 1385 1627 1417 In

324 1465 425 1497 quem
443 1455 639 1498 gravissimi
663 1455 729 1487 viri
756 1455 864 1488 officio
889 1466 1023 1498 semper
1049 1461 1100 1489 est
1124 1467 1218 1494 usus,
1245 1456 1485 1488 honorandum
1511 1467 1625 1489 senem

324 1531 363 1558 ut
381 1530 557 1568 parentem
577 1530 770 1564 veneratus,
794 1527 907 1559 aetatis
929 1527 1154 1560 imbecillitati
1178 1532 1348 1571 quantum
1370 1533 1444 1560 tum
1468 1528 1540 1560 fieri
1564 1539 1624 1571 per

324 1609 402 1630 eum
420 1599 534 1640 potuit
552 1598 735 1630 subvenit:
762 1603 931 1641 praesente
949 1610 1038 1637 sene,
1063 1610 1134 1632 sese
1153 1600 1348 1642 episcopum
1367 1603 1425 1631 aut
1447 1600 1625 1631 dominum

324 1670 488 1712 appellari
502 1680 680 1713 nunquam
692 1681 813 1713 passus
825 1675 876 1703 est
889 1680 896 1703 :
912 1682 988 1713 quae
1000 1670 1212 1709 Gallovidiae,
1227 1675 1287 1703 aut
1300 1670 1443 1703 ubilibet
1457 1671 1492 1702 in
1507 1682 1624 1714 regno,

324 1752 386 1773 sua
403 1752 505 1783 opera
519 1742 719 1774 secundiora
734 1743 1007 1775 commodiorave
1021 1743 1064 1775 ad
1076 1743 1248 1785 publicam
1266 1742 1452 1774 utilitatem
1472 1752 1624 1779 evenere,

323 1823 392 1845 non
410 1824 482 1845 suae
500 1814 558 1845 sed
576 1814 665 1845 senis
684 1814 877 1856 prudentiae
895 1818 929 1846 et
947 1815 1142 1846 auctoritati
1161 1818 1298 1856 accepta
1315 1813 1454 1845 ferebat.
1506 1812 1550 1845 Ei
1569 1823 1626 1844 ex-

324 1884 512 1917 actissimos
530 1885 685 1917 custodes
709 1885 842 1923 tribuit,
863 1890 897 1917 et
920 1890 1104 1917 nocturnos
1123 1889 1157 1918 et
1174 1886 1327 1923 diurnos,
1350 1895 1392 1916 ne
1414 1885 1468 1916 vel
1489 1884 1624 1916 minimi

324 1956 529 1988 incommodi
547 1956 730 1998 quicquam
748 1961 876 1998 praeter
893 1961 1102 1989 senectutem
1120 1956 1353 1989 inevitabilem
1372 1956 1445 1988 seni
1464 1967 1623 2000 arguere-

323 2032 381 2059 tur
398 2027 576 2059 accidisse:
595 2038 697 2070 quem
716 2028 810 2060 senio
828 2027 1019 2060 confectum
1038 2032 1072 2060 et
1089 2027 1216 2060 fessum
1235 2028 1393 2066 vivendo,
1411 2027 1549 2060 tandem
1567 2037 1624 2058 ex-

323 2100 480 2137 tinctum,
497 2099 626 2132 honore
644 2110 712 2141 quo
730 2100 876 2142 optimos
895 2104 929 2132 et
946 2100 1178 2132 sanctissimos
1202 2100 1375 2142 episcopos
1396 2098 1535 2130 solitum
1559 2102 1620 2134 est,

324 2170 457 2214 magnis
476 2171 599 2203 extulit
616 2171 800 2214 impensis:
820 2176 853 2203 et
871 2182 913 2203 ne
935 2171 1064 2213 aliquid
1081 2171 1304 2214 gratitudinis
1322 2169 1469 2202 officium
1491 2169 1621 2201 deside-

323 2245 468 2278 raretur,
496 2246 573 2283 post
600 2242 696 2274 bonis
722 2242 874 2274 moribus
901 2247 934 2274 et
960 2242 1129 2274 institutis
1148 2241 1420 2274 Gallovidianam
1447 2240 1618 2273 dioecesim
