1955 2807
294 301 331 328 70
745 300 1141 332 ABERDONENSIUM

292 406 412 438 mediis
446 407 518 448 ipse
552 406 679 438 deliciis
711 405 908 445 abstemius,
938 408 1038 440 vultu
1068 407 1199 446 hilaris,
1229 418 1385 441 sermone
1411 409 1596 453 jucundus,

292 477 469 510 doctorum
484 477 791 521 congressionibus,
809 479 960 517 musicis,
974 478 1194 522 honestisque
1207 479 1294 524 jocis
1307 480 1479 524 gaudebat
1493 481 1600 523 pluri-

292 560 398 587 mum,
428 559 632 592 omnemque
655 550 889 583 detestabatur
911 551 1164 584 scurrilitatem.
1226 551 1344 584 Inerat
1370 552 1400 584 ei
1426 557 1524 585 tanta
1549 553 1601 585 in-

292 621 383 664 genii
398 625 501 664 atque
519 622 626 654 animi
644 622 707 660 vis,
725 627 763 655 ut
782 622 869 655 nihil
886 623 917 655 ei
935 623 1027 666 quod
1044 623 1087 655 ad
1104 633 1177 655 rem
1194 623 1367 666 publicam
1384 624 1601 666 privatamve

291 693 477 735 gerendam
491 694 636 726 attinere
652 694 791 732 diceres,
808 694 976 727 defuerit:
1003 694 1152 727 urbanas
1169 705 1224 727 res
1241 695 1485 739 religiosasque
1498 696 1602 740 juxta

293 764 446 802 callebat,
472 766 766 798 accommodatum
792 765 921 798 habens
944 766 988 798 ad
1013 766 1129 798 omnia
1151 766 1339 810 ingenium.
1390 766 1516 799 Nullus
1538 767 1601 800 hoc

294 841 366 869 toto
385 842 537 880 tempore
550 837 782 881 jurisdicundi
796 838 949 880 peritior,
967 838 1083 870 nullus
1101 838 1145 870 ad
1161 848 1289 882 magna
1301 839 1451 882 gerenda
1468 839 1601 881 aptior:

296 919 374 940 nam
394 913 427 940 et
446 908 639 951 eloquentia
657 912 858 951 praestantes
875 913 1027 941 oratores
1045 909 1206 952 aequavit,
1231 913 1266 942 et
1289 910 1405 942 nullus
1422 920 1461 942 eo
1478 911 1601 952 patriae

296 980 414 1022 quieti,
440 980 526 1022 paci,
552 980 665 1012 decori
689 981 800 1024 magis
824 981 991 1013 meliusve
1016 981 1198 1014 consuluit.
1250 980 1368 1013 Ferrei
1386 992 1491 1024 prope
1509 981 1603 1014 visus

296 1059 347 1084 est
369 1052 531 1095 corporis,
555 1052 744 1095 invictique
768 1053 874 1085 animi
898 1053 935 1085 in
958 1052 1114 1085 laborum
1141 1053 1334 1092 tolerantia,
1357 1054 1484 1096 quippe
1501 1063 1604 1097 quem

297 1125 412 1156 nullus
426 1123 532 1162 labor,
550 1125 646 1156 nulla
663 1124 872 1162 exercitatio,
889 1125 1025 1157 nullum
1039 1134 1166 1157 munus
1179 1124 1356 1167 publicum
1369 1125 1601 1167 privatumve,

297 1196 356 1228 sed
380 1206 422 1227 ne
445 1196 520 1238 ipsa
543 1196 681 1238 quidem
705 1200 871 1234 senectus,
898 1196 1088 1228 communis
1115 1200 1149 1228 et
1174 1195 1383 1229 inevitabilis
1405 1197 1604 1229 mortalium

297 1266 448 1305 morbus,
463 1268 541 1300 licet
555 1267 759 1305 contuderit,
773 1267 907 1311 effregit
920 1276 928 1299 ε
946 1272 986 1300 ut
997 1267 1068 1310 qui,
1083 1268 1224 1300 tertium
1240 1278 1346 1310 supra
1359 1269 1604 1312 octogesimum

298 1349 426 1371 annum
449 1349 565 1382 agens,
586 1339 623 1370 in
640 1338 805 1382 gravibus
822 1338 1018 1381 reipublicae
1043 1339 1202 1383 negotiiS,
1226 1339 1355 1371 caeteris
1379 1340 1521 1371 acutius*
1539 1340 1607 1372 dis-

298 1410 441 1448 serebat,
464 1421 526 1442 nec
543 1410 722 1454 ingenium
746 1420 808 1442 nec
832 1420 970 1442 sensum
993 1410 1104 1442 ullum
1128 1409 1241 1442 adhuc
1263 1409 1393 1443 habens
1418 1410 1605 1449 obtusum-3

299 1483 410 1514 vivaci
428 1493 561 1525 semper
585 1482 748 1525 praeditus
767 1482 943 1520 memoria,
969 1486 1089 1525 utpote
1111 1492 1216 1525 quam
1233 1482 1330 1515 nulla
1347 1492 1501 1525 unquam
1519 1484 1608 1526 cepit

300 1554 436 1586 oblivio.
480 1554 642 1586 Senectus
660 1554 691 1586 ei
704 1554 860 1598 jucunda
876 1558 910 1586 et
929 1554 1134 1592 veneranda,
1151 1564 1221 1586 non
1238 1564 1384 1592 morosa,
1402 1564 1472 1586 non
1490 1554 1604 1592 anxia,

301 1636 370 1658 non
394 1625 549 1664 difficilis,
575 1637 646 1659 non
670 1626 778 1658 tristis
804 1626 857 1667 (ut
875 1626 1060 1669 plerisque)
1079 1625 1162 1658 visa.
1213 1624 1273 1664 Et,
1297 1630 1337 1658 ut
1360 1626 1477 1668 paucis
1497 1627 1608 1659 multa

302 1699 546 1742 constringam,
566 1709 626 1731 nec
644 1699 680 1730 in
698 1709 737 1731 eo
754 1708 866 1730 mores
885 1702 1040 1730 senectus
1059 1702 1265 1735 mutaverat,
1284 1697 1343 1740 qui
1362 1708 1496 1740 semper
1512 1697 1607 1730 fuere

304 1770 437 1812 optimi,
461 1781 521 1802 nec
539 1770 703 1813 quicquid
723 1770 840 1808 sensit,
864 1774 1054 1802 extremam
1077 1774 1156 1802 ante
1179 1769 1429 1813 aegritudinem,
1453 1769 1496 1802 ob
1516 1771 1608 1812 quod

304 1846 514 1874 senectutem
526 1842 621 1885 juste
638 1842 794 1874 incusare
813 1846 937 1884 posset.

355 1912 432 1945 Hoc
444 1913 607 1955 temporis
619 1913 672 1945 vel
684 1923 801 1955 prope,
815 1912 931 1945 Julius
947 1912 1133 1951 Secundus,
1147 1911 1303 1955 pontifex
1316 1914 1499 1952 maximus,
1511 1913 1533 1946 J
1536 1925 1610 1947 aco-

307 1986 388 2017 bum
401 1984 573 2023 Quartum
587 1995 647 2027 per
660 1985 790 2028 legatos
803 1983 1011 2017 Christianae
1029 1984 1205 2028 religionis
1222 1989 1449 2027 protectorem
1463 1985 1611 2018 declara-

308 2057 368 2094 vit,
387 2057 499 2089 missis
518 2056 561 2088 ad
578 2066 657 2088 eum
674 2056 808 2100 legatis,
833 2057 893 2099 qui
916 2056 1071 2100 galerum
1094 2067 1320 2099 purpureum,
1341 2057 1452 2089 aureis
1470 2057 1609 2090 floribus

309 2129 402 2160 varie
415 2133 625 2167 contextum,
643 2138 770 2167 ensem,
788 2139 892 2161 aureo
910 2129 1041 2171 capulo,
1056 2128 1182 2172 vagina
1195 2139 1299 2161 aurea
1311 2129 1456 2173 gemmis
1470 2130 1613 2167 consita,

308 2199 477 2242 pontificis
489 2201 627 2233 nomine
639 2200 812 2239 offerrent,
822 2200 1149 2244 gratularenturque
1160 2200 1470 2243 plurimum,qu0d,
1482 2202 1610 2233 caeteris
