1955 2807
323 332 362 360 8⁴2
776 328 1174 359 ABERDONENSIUM

324 449 418 471 mum
444 443 599 471 nostrum
625 448 707 480 erga
731 442 765 469 te
792 438 1058 473 ostenderemus,
1087 448 1155 470 non
1181 437 1364 470 sufficiunt.
1416 436 1546 471 Verum
1563 439 1626 472 tibi

323 511 540 553 gratulamur
565 514 734 551 quantum
762 510 815 541 vel
843 510 1197 542 consummatissimus
1225 514 1342 542 orator
1370 510 1484 543 verbis
1514 516 1627 553 posset

324 581 619 623 comprehendere,
642 586 702 613 aut
724 581 915 614 humanum
933 581 1109 625 ingenium
1129 582 1333 625 excogitare.
1385 582 1629 615 Reverentiam

323 653 460 685 demum
492 658 587 685 tuam
614 652 710 685 flexis
741 654 891 695 corporis
922 657 956 685 et
986 654 1091 686 animi
1119 653 1263 697 genibus
1294 655 1495 692 salutamus,
1525 655 1628 687 simul

323 725 358 756 in
385 735 505 757 verum
524 725 714 757 antistitem
734 729 767 757 et
785 725 1034 757 moderatorem
1052 725 1274 768 suscipientes
1295 735 1523 764 veneramur;
1551 725 1630 758 tibi-

323 807 389 838 que
406 806 467 828 nos
486 796 595 828 modis
620 795 778 828 omnibus
803 795 1126 838 obsequentissimos
1150 801 1184 828 et
1208 807 1300 828 nunc
1323 807 1394 829 esse
1418 797 1629 840 profitemur,

323 872 357 899 et
385 868 541 910 deinceps
569 877 701 909 semper
732 867 804 899 fore
834 867 1044 909 pollicemur.
1096 866 1192 911 Ergo
1221 867 1312 900 hunc
1338 868 1427 900 diem
1456 871 1628 902 communi

324 939 446 971 laetitia
468 939 606 982 jussum
626 943 677 970 est
695 937 822 971 festum
840 948 964 982 agere;
992 949 1238 982 campanarum
1257 939 1329 972 fieri
1348 940 1506 978 tinnitus,
1524 941 1630 973 musi-

324 1021 439 1043 corum
459 1015 672 1047 concentum,
691 1021 968 1054 organorumque
989 1011 1170 1043 melodiam
1186 1021 1195 1050 3
1215 1011 1362 1054 parietes
1386 1012 1516 1050 aulaeis,
1534 1013 1629 1054 pavi-

323 1088 439 1114 menta
456 1082 627 1124 tapetibus
649 1083 754 1114 sterni
771 1092 779 1119 ;
812 1086 850 1114 ut
874 1087 992 1114 nostra
1014 1082 1157 1115 aedificia
1181 1082 1257 1121 (suo
1278 1086 1385 1124 more)
1404 1084 1578 1126 quandam
1596 1089 1629 1116 te

324 1155 481 1187 veniente
500 1154 699 1186 viderentur
716 1165 785 1196 prae
803 1164 838 1186 se
851 1153 939 1186 ferre
958 1154 1125 1187 laetitiam.
1154 1155 1260 1198 Agite
1278 1165 1370 1198 ergo,
1390 1156 1455 1187 viri
1474 1155 1628 1188 Aberdo-

324 1237 445 1258 nenses
461 1236 469 1258 ε
496 1226 624 1268 pinnae,
642 1227 811 1269 gallorum
831 1226 1024 1263 simulacra,
1042 1227 1186 1258 summis
1210 1227 1416 1269 templorum
1439 1237 1627 1259 sacrarum-

323 1307 390 1340 que
401 1298 526 1330 aedium
545 1298 737 1340 pinnaculis
755 1298 796 1330 ad
812 1302 993 1330 ventorum
1014 1297 1115 1331 flatus
1133 1298 1332 1331 indicandos
1350 1298 1525 1337 adhibitae,
1543 1299 1627 1331 occi-

324 1369 424 1402 dente
443 1368 630 1401 W'ilhelmo
648 1369 808 1407 effractae,
827 1368 962 1401 Gavino
989 1370 1147 1402 veniente
1172 1375 1385 1412 reparentur.
1440 1370 1507 1402 Hic
1535 1372 1624 1403 enim

326 1446 377 1473 est
412 1446 513 1484 caput
550 1451 617 1473 non
652 1441 867 1485 languidum,
910 1442 1000 1484 quod
1040 1441 1074 1473 in
1113 1441 1250 1485 singula
1293 1442 1447 1474 membra
1486 1442 1627 1485 spiritus

325 1513 486 1546 infundat
512 1514 642 1546 vitales.
697 1513 764 1545 Hic
799 1518 849 1546 est
882 1514 993 1557 gallus
1019 1513 1257 1546 Aberdonensi
1289 1514 1435 1547 ecclesiae
1465 1525 1628 1557 superpo-

324 1587 421 1623 situs,
455 1587 549 1618 nulla
573 1586 666 1618 clade
691 1585 861 1623 effractus,
889 1586 948 1628 qui
972 1586 1178 1618 dormientes
1205 1585 1378 1624 excitabit,
1412 1591 1533 1630 arguet
1560 1591 1628 1618 tor-

324 1663 452 1700 pentes.
504 1658 640 1695 Lituus,
667 1658 850 1690 baculusve
876 1658 1068 1700 pastoralis,
1094 1658 1177 1692 dum
1200 1657 1378 1690 wilhelmi
1403 1658 1551 1701 episcopi
1575 1657 1628 1690 fu—

323 1741 387 1762 nus
418 1730 596 1762 efferretur
625 1730 796 1772 diruptus,
822 1740 913 1762 nunc
938 1730 1088 1772 primum
1116 1730 1249 1773 integer
1274 1730 1466 1761 restitutus
1506 1729 1625 1767 Mitra,

324 1812 426 1843 quam
451 1807 524 1833 tum
549 1802 677 1834 incerta
698 1812 778 1833 voce
800 1812 878 1834 cum
897 1801 1083 1833 wilhelmo
1106 1801 1333 1843 sepeliendam
1357 1802 1540 1833 clamatum
1564 1806 1626 1839 est,

323 1873 506 1915 pristinum
534 1873 636 1905 rediit
661 1874 702 1904 ad
729 1873 894 1905 decorem.
946 1872 995 1904 Et
1021 1877 1059 1904 ut
1086 1872 1223 1905 tandem
1251 1873 1287 1904 iu
1313 1873 1511 1905 universum
1537 1873 1627 1906 dica-

323 1955 411 1982 mus,
437 1945 627 1977 communis
657 1945 713 1976 illa
738 1945 914 1977 calamitas
940 1944 1114 1976 communi
1137 1944 1259 1977 laetitia
1287 1944 1446 1977 omnibus
1470 1950 1522 1978 est
1550 1956 1626 1977 mu-

323 2022 403 2049 tata.
457 2016 585 2048 Felices
603 2016 727 2048 idcirco
753 2026 814 2048 nos
834 2020 867 2048 te
884 2015 1121 2058 pontificatum
1140 2016 1311 2055 adeunte3
1330 2016 1453 2054 felices,
1472 2017 1623 2060 inquam,

323 2093 458 2120 tantum
477 2089 647 2130 talemque
665 2088 913 2120 moderatorem
933 2088 1023 2120 nacti
1039 2098 1048 2126 ;
1073 2098 1173 2131 quem
1194 2088 1236 2120 ob
1251 2089 1477 2121 eruditionem
1495 2089 1624 2131 pariter

323 2165 353 2190 et
382 2160 586 2201 probitatem
607 2160 686 2203 jure
713 2159 843 2202 optimo
860 2159 1005 2202 quisque
1029 2159 1093 2191 sibi
1111 2165 1315 2203 exoptasset.
1367 2159 1469 2192 Nunc
1490 2164 1529 2192 ut
1546 2160 1623 2193 reli-

322 2241 388 2273 qua
408 2231 634 2268 absolvamus,
652 2232 693 2263 de
712 2231 752 2263 iis
770 2242 845 2274 quae
869 2232 910 2263 ad
932 2235 1002 2263 tuae
1025 2232 1193 2274 generalis
1218 2231 1341 2264 scholae
1360 2230 1619 2264 Aberdonensis
