1955 2807
329 339 369 366 78
789 332 1185 364 ABERDONENSIUM

330 449 465 488 sperato
477 443 685 485 supervenit,
699 441 878 475 obsecrans
889 443 941 475 uti
952 439 1309 474 ALEXANDRUM
1322 439 1637 480 GORDONIHM,

329 520 513 560 cognatum
539 524 652 552 suuni,
678 513 934 547 Moraviensem
960 519 1153 553 cantorem,
1183 514 1402 558 designarent
1432 514 1638 556 episcopum,

329 588 413 620 utile
431 596 625 619 memorans
649 586 699 618 rei
722 597 828 619 sacrae
846 585 1085 619 Aberdonensi
1109 587 1137 618 si
1162 585 1362 618 turbulento
1382 585 1466 618 adeo
1487 590 1639 628 tempore

330 663 503 692 crearetur
521 657 676 701 pontifex
694 659 753 701 qui
772 669 847 690 eam
864 658 1053 690 amicorum
1076 658 1173 700 copia
1198 662 1232 690 et
1257 657 1432 700 opulentia
1450 661 1564 699 posset
1585 662 1639 689 tu-

330 732 406 764 tari.
458 730 622 763 Canonici
646 731 810 773 temporis
834 730 1010 773 iniquitati
1035 729 1271 767 inservientes,
1297 729 1432 761 comitis
1455 729 1637 772 postulatis

331 802 387 844 (ne
405 803 526 836 durius
544 802 675 845 aliquid
691 802 905 845 paterentur)
924 801 1099 834 communi
1117 811 1285 833 consensu
1302 800 1636 843 obtemperaverunt.

328 875 477 908 ,Iacobus
495 880 612 906 tamen
627 874 798 918 Ogilvius,
816 873 875 916 qui
894 884 954 916 per
972 873 1006 905 id
1024 872 1189 915 temporis
1207 872 1251 904 ad
1268 871 1483 904 Lodovicum
1500 871 1638 905 Duode-

329 948 468 985 cimum,
490 945 705 978 Francorum
731 956 858 990 regem,
883 945 1054 989 legatione
1076 943 1297 988 fungebatur,
1315 943 1337 975 J
1340 944 1460 976 oannis
1478 942 1638 977 Albaniae

329 1019 435 1057 ducis,
448 1017 470 1050 J
473 1017 567 1050 acobi
580 1017 691 1050 Tertii
709 1017 800 1061 regis
818 1027 860 1049 ex
876 1016 984 1049 fratre
998 1017 1142 1059 nepotis,
1160 1026 1263 1059 quem
1281 1015 1380 1059 regni
1393 1016 1560 1058 primores
1573 1026 1636 1059 gu-

329 1092 545 1124 bernatorem
558 1090 727 1128 dixerant,
739 1089 953 1127 auctoritate,
961 1088 1216 1121 Aberdonensis
1228 1089 1264 1120 in
1274 1087 1388 1120 Gallia
1397 1092 1540 1120 vocatur
1550 1088 1637 1130 epis-

329 1174 444 1205 copus.
473 1161 518 1200 Is,
536 1162 588 1194 uti
607 1162 673 1194 alio
687 1162 760 1194 loco
774 1165 1089 1198 commemoratum,
1104 1164 1221 1202 postea
1235 1169 1330 1191 sacro
1344 1160 1549 1202 magistratu
1564 1170 1636 1192 sese

329 1234 510 1267 abdicavit.
543 1233 706 1266 Summus
719 1243 799 1265 vero
813 1232 978 1276 pontifex,
993 1232 1064 1264 Leo
1076 1231 1250 1269 Decimus,
1265 1230 1456 1264 Robertum
1468 1230 1635 1264 Forman-

331 1317 426 1343 num,
445 1305 694 1349 Glasguensem
715 1305 893 1342 decanum,
912 1304 1034 1337 Romae
1051 1303 1334 1336 Aberdonensem
1357 1303 1507 1335 declarat
1530 1304 1635 1336 antis-

331 1379 440 1410 titem.
491 1376 556 1409 Est
576 1376 748 1409 Robertus
770 1376 861 1408 facili
881 1381 984 1419 atque
1005 1375 1136 1408 liberali
1158 1375 1306 1418 ingeni0‚
1330 1374 1371 1406 de
1388 1374 1430 1406 iis
1448 1374 1508 1417 qui
1526 1373 1636 1407 Aber-

331 1449 445 1482 doniae
463 1449 641 1482 literarum
665 1452 747 1481 sunt
770 1448 914 1481 studiosi
932 1458 1036 1491 quam
1054 1448 1182 1490 optime
1200 1447 1343 1479 meritus
1358 1456 1367 1485 ς
1394 1447 1454 1489 qui
1472 1447 1576 1479 etiam
1593 1448 1637 1480 ad

332 1521 520 1554 tollendum
539 1521 720 1555 dissidium
742 1531 781 1553 ea
802 1525 1004 1563 tempestate
1022 1520 1112 1552 inter
1129 1520 1226 1563 regni
1245 1519 1368 1552 Scotiae
1385 1530 1540 1562 proceres
1558 1520 1637 1552 sub-

332 1598 458 1631 ortum,
482 1594 582 1636 longe
605 1593 794 1630 reverendi,
821 1600 854 1624 et
872 1593 926 1624 vel
952 1592 995 1624 ob
1021 1592 1056 1624 id
1082 1592 1244 1624 meritum
1271 1591 1313 1624 ab
1338 1591 1497 1624 omnibus
1523 1592 1637 1624 obser-

332 1666 447 1704 vandi,
473 1666 581 1708 patris
608 1664 760 1697 Andreae
787 1664 904 1697 Sancti
928 1664 1080 1697 Andreae
1106 1664 1361 1707 archiepiscopi,
1388 1665 1442 1696 sui
1467 1665 1634 1708 germani,

332 1749 447 1776 suasu,
477 1739 569 1770 ultro
599 1737 757 1780 deposuit
787 1736 1036 1780 pontificatum.
1087 1736 1182 1769 Dum
1207 1746 1261 1768 res
1287 1735 1337 1768 ita
1362 1746 1433 1768 sese
1458 1735 1634 1773 haberent,

334 1809 531 1842 Alexander
549 1808 744 1841 Gordonius
770 1807 881 1852 (cujus
900 1809 1002 1851 paulo
1020 1813 1098 1840 ante
1119 1812 1170 1840 est
1192 1807 1321 1839 mentio
1338 1806 1469 1850 habita)
1490 1806 1635 1839 Huntlei

333 1881 467 1914 comitis
482 1891 594 1923 opera,
613 1891 790 1912 assensum
803 1879 825 1912 J
828 1891 936 1912 oanne
954 1880 1051 1923 regni
1065 1879 1293 1923 gubernatore
1306 1878 1491 1921 praebente‚
1508 1879 1636 1911 summi

333 1953 502 1995 pontificis
528 1952 743 1990 auctoritate,
774 1962 910 1984 sacrum
935 1951 1216 1984 Aberdonensem
1242 1951 1344 1983 inivit
1368 1951 1635 1994 magistratuum

332 2026 391 2067 qui
412 2029 490 2067 post
511 2025 637 2056 initum
663 2023 899 2066 pontificatum
917 2023 1008 2055 illico
1025 2023 1061 2054 in
1079 2023 1311 2054 valetudinem
1329 2022 1450 2054 incidit
1476 2022 1636 2062 (ethicam

332 2096 462 2128 febrem
481 2096 620 2139 vocant)
639 2105 714 2138 quae
732 2095 762 2127 ei
781 2095 863 2127 dum
881 2095 979 2133 vixit,
1003 2094 1227 2137 perduravit3
1255 2093 1346 2126 unde
1365 2093 1453 2126 nihil
1472 2097 1636 2135 praestare

335 2172 395 2198 aut
412 2167 572 2209 perficere
592 2167 705 2210 potuit
722 2166 882 2210 pontifice
899 2166 1054 2210 dignum.
1084 2165 1252 2198 Accersiti
1269 2164 1390 2198 medici
1403 2175 1478 2208 quae
1495 2174 1636 2197 suarum

335 2243 433 2271 erant
450 2239 602 2281 partium
621 2242 771 2283 agentes,
797 2238 875 2271 licet
892 2237 1091 2271 Alexandro
1108 2237 1243 2270 firmam
1260 2240 1294 2269 et
1311 2239 1511 2279 perpetuam
1528 2235 1635 2278 sospi-
