1955 2807
334 344 373 371 56
793 337 1189 369 ABERDONENSIUM

337 448 389 489 (ut
405 448 593 490 ferebatur)
612 448 648 480 in
671 446 821 479 Scotiam
839 458 857 479 e
876 446 1041 479 Flandria
1058 445 1177 478 multis
1196 445 1301 488 copiis
1320 445 1465 489 trajecit,
1483 450 1636 482 terrestri

334 521 413 552 inde
431 520 563 557 itinere,
586 518 609 551 J
611 518 715 551 acobo
732 519 907 562 suppetias
925 518 1066 556 ferente,
1083 517 1247 561 Angliam
1266 518 1449 560 petiturus,
1467 519 1510 551 ad
1527 524 1638 562 pater-

333 602 417 623 num
435 601 581 635 regnum
599 590 642 622 ab
661 590 812 623 Henrico
837 589 879 631 (is
904 595 979 622 tum
997 589 1194 633 Anglorum
1217 600 1290 621 rem
1314 589 1465 629 tenebat)
1484 596 1638 634 repeten-

333 663 426 694 dum.
476 661 624 694 Jacobus
650 673 720 695 non
745 663 842 705 prius
868 662 1112 694 adventantem
1139 661 1265 703 recepit
1295 661 1331 693 in
1361 672 1507 705 regnum
1533 674 1636 706 quam

335 733 508 766 Henricus
527 733 707 766 Scotorum
721 733 866 771 feciales,
885 733 1020 776 publico
1038 732 1189 770 consilio,
1207 731 1337 764 ablatas
1354 743 1408 765 res
1426 738 1529 776 atque
1547 735 1637 779 inju-

332 806 461 838 riarum
481 806 733 848 reparationem
747 816 789 837 ex
803 804 930 836 foedere
944 807 1169 846 reposcentes,
1183 804 1284 845 plane
1297 803 1410 837 fuerat
1423 812 1634 848 aspernatus.

332 876 373 909 Id
391 877 469 909 belli
488 878 578 909 inter
594 877 738 919 populos
756 876 926 918 posterius
940 875 1028 919 gesti
1046 885 1149 907 causa
1166 875 1338 907 extiterat.
1377 875 1549 910 Henricus
1568 879 1635 911 bel-

330 948 402 980 lum
415 949 490 991 jam
508 952 590 980 tunc
608 947 836 980 necessarium
851 947 1011 985 sentiens,
1029 951 1069 979 ut
1086 947 1281 990 providenti
1299 957 1433 990 semper
1450 954 1523 982 erat
1541 951 1636 994 inge-

333 1019 401 1057 nio,
428 1020 609 1063 sexaginta
626 1020 751 1051 celoces
769 1024 802 1051 et
819 1019 1049 1063 quadraginta
1067 1019 1240 1051 onerarias
1258 1029 1374 1058 naveS,
1400 1021 1509 1053 multo
1527 1022 1635 1055 milite

330 1091 491 1134 omnique
509 1091 628 1123 bellico
646 1095 824 1133 apparatu,
848 1091 883 1123 in
903 1090 1093 1123 Fortheum
1109 1091 1284 1130 (aestuario
1298 1102 1423 1124 nomen
1434 1095 1498 1135 est)
1515 1094 1633 1133 mittit,

330 1173 409 1205 quae
435 1162 615 1195 Scotorum
634 1173 711 1195 oras
728 1163 926 1200 lustrarent,
953 1166 993 1195 ut
1017 1161 1119 1200 Scoti,
1137 1161 1365 1205 Anglicarum
1384 1165 1558 1206 copiarum
1577 1177 1634 1198 ex-

329 1234 565 1276 ponendarum
583 1234 808 1276 prohibitioni
834 1234 970 1272 intenti,
995 1238 1110 1266 coacto
1136 1234 1288 1266 exercitu
1312 1235 1349 1266 in
1366 1233 1532 1279 Angliam
1556 1247 1633 1279 pro-

328 1305 431 1338 ficisci
457 1304 555 1338 facile
584 1316 654 1337 non
683 1310 845 1348 possent:
873 1305 945 1348 ipse
970 1305 1120 1337 Londini
1151 1316 1228 1337 cum
1258 1307 1356 1350 regni
1382 1307 1571 1351 majoribus
1597 1320 1632 1342 se

329 1377 508 1414 continuit,
525 1377 756 1419 periculosum
770 1387 909 1409 censens
928 1376 1054 1408 bellum
1073 1377 1188 1419 potius
1206 1377 1391 1419 prudentia
1404 1388 1508 1420 quam
1526 1380 1631 1412 armis

327 1449 527 1492 gerendum,
553 1447 714 1490 haudque
738 1448 902 1492 ignorans
923 1459 992 1490 quo
1013 1448 1128 1480 animo
1146 1447 1343 1492 Anglorum
1367 1450 1558 1491 complures
1581 1462 1631 1484 es-

328 1526 404 1553 sent
421 1522 457 1553 in
475 1520 693 1559 Eduardum,
712 1531 817 1563 quam
839 1531 1009 1553 novarum
1032 1531 1148 1552 rerum
1170 1525 1380 1563 appetentes,
1402 1532 1507 1564 quam
1524 1522 1631 1556 facili-

328 1592 391 1625 bus
417 1592 566 1636 ingeniis
592 1593 635 1625 ad
660 1596 805 1625 motum.
857 1591 950 1625 Huic
975 1592 1073 1630 bello,
1099 1592 1195 1624 dubii
1214 1590 1268 1633 (ut
1290 1592 1484 1637 videbatur)
1506 1595 1629 1634 exitus,

329 1668 555 1707 posteaquam
581 1670 727 1707 uterque
750 1664 898 1707 populus
921 1665 1032 1697 multa
1056 1664 1282 1702 incommoda,
1300 1668 1333 1696 et
1360 1665 1578 1699 terrestribus
1597 1671 1629 1699 et

330 1736 514 1768 maritimis
539 1736 666 1779 pugnis
692 1735 805 1768 fuerat
830 1740 1001 1778 expertus,
1027 1740 1067 1768 ut
1091 1735 1194 1767 finem
1219 1735 1444 1778 imponerent,
1468 1747 1629 1779 reparan-

328 1806 449 1838 darum
468 1807 675 1850 injuriarum
694 1807 835 1839 modum
856 1807 959 1839 simul
977 1812 1010 1839 et
1027 1807 1119 1849 pacis
1137 1807 1346 1839 conditiones
1365 1807 1525 1846 dicerent,
1543 1819 1628 1841 non-

328 1878 414 1910 nulli
440 1878 561 1910 arbitri
587 1879 706 1910 delecti
731 1889 773 1910 ex
790 1877 926 1922 Anglis,
952 1879 1109 1910 nonnulli
1135 1889 1177 1910 ex
1202 1879 1339 1917 nostris,
1365 1890 1514 1922 quorum
1540 1891 1628 1923 prae-

328 1949 448 1992 cipuus
466 1949 684 1982 lVilhelmus.
738 1948 798 1987 Hi,
820 1949 994 1981 Melrosiae
1012 1950 1172 1982 concione
1189 1949 1289 1988 facta,
1307 1950 1366 1983 ubi
1385 1951 1478 1983 varie
1495 1953 1628 1985 consul-

329 2025 440 2053 tatum
459 2021 583 2058 fuerat,
610 2021 851 2063 variatumque
874 2021 1062 2063 plurimum
1089 2022 1277 2059 sententiis,
1304 2021 1551 2065 videbaturque
1574 2034 1626 2056 res

328 2091 454 2125 infecta
474 2092 709 2135 relinquenda,
731 2092 774 2124 ad
787 2091 1014 2124 wilhelmum
1033 2093 1132 2130 itum,
1150 2092 1242 2125 hunc
1259 2094 1446 2135 respiciunt
1463 2094 1626 2134 universi,

329 2173 407 2194 eum
421 2174 529 2195 unum
543 2164 672 2201 dicunt,
690 2163 751 2206 qui
767 2163 863 2195 litem
881 2168 995 2205 posset
1012 2174 1224 2206 componere,
1239 2169 1273 2196 et
1290 2168 1471 2206 utramque
1487 2170 1624 2208 gentem

329 2234 427 2266 alteri
446 2234 573 2267 efficere
591 2235 812 2273 concordem3
831 2238 865 2267 et
878 2245 969 2273 mox,
987 2239 1026 2267 ut
1044 2235 1215 2267 liberalem
1234 2235 1382 2267 hominis
1394 2236 1529 2268 vultum
1548 2247 1626 2269 con-
