1955 2807
650 320 979 352 EPISCOPORUM
1003 319 1130 349 VITAE.
1506 319 1539 347 ll

239 434 290 466 xit
317 433 464 476 penitus.
517 431 632 465 Multa
655 431 722 464 alia
744 430 875 474 optimo
898 430 1056 472 episcopo
1081 429 1185 473 digna
1213 428 1286 471 ejus
1310 426 1405 459 fuere
1430 436 1542 469 opera.

238 505 402 538 Pervenit
432 504 506 548 ejus
533 504 747 546 episcopatus
778 502 821 534 ad
846 501 1038 533 Alexandri
1064 501 1157 533 tertii
1184 510 1314 532 annum
1341 499 1542 531 vicesimum
1571 494 1661 528 A.D.
1683 495 1786 528 1278.

239 588 380 615 nonum,
398 587 466 619 quo
483 586 574 608 anno
587 575 623 606 in
637 574 750 606 insula
763 574 856 605 lacus
870 573 912 604 de
923 572 1066 604 Gowllis
1084 572 1144 604 ubi
1159 572 1350 604 vicinorum
1365 582 1545 604 nemorum

240 647 438 681 amoenitate
455 647 641 680 delectatus
659 655 763 678 senex
781 654 853 677 sese
871 643 1078 682 continebat,
1102 643 1260 676 catarrho
1278 644 1474 676 exundante
1493 654 1549 676 su-

239 720 310 753 bito
327 719 469 752 interiit.

287 864 337 897 Et
354 865 390 897 in
408 864 579 896 demortui
598 864 709 895 locum
726 861 980 894 HENRICUS
997 860 1167 900 CHEIN,
1186 862 1301 906 regius
1322 860 1549 898 consiliarius,

239 937 383 969 Joannis
402 936 601 979 Cummyni,
626 935 692 967 viri
717 935 807 968 inter
830 939 1000 967 nostrates
1018 935 1180 967 maxinme
1199 935 1427 972 auctoritatis,
1446 934 1551 966 Cum-

240 1018 425 1052 niynorum
444 1007 621 1050 praecipui,
639 1018 680 1039 ex
698 1018 813 1039 sorore
834 1018 950 1050 nepos,
967 1011 1019 1039 est
1036 1011 1230 1049 provectus.
1266 1006 1359 1039 Inito
1376 1005 1549 1039 Henricus

241 1079 453 1124 pontificatu,
479 1079 713 1111 instaurandis
734 1079 871 1121 templis
890 1083 923 1110 et
941 1077 1007 1110 Dei
1031 1079 1200 1110 ministris
1219 1079 1310 1110 illico
1329 1078 1453 1122 adjecit
1480 1078 1552 1110 ani-

240 1162 346 1184 mum.
398 1150 508 1183 Vetus
525 1151 693 1193 templum
711 1149 958 1182 Aberdonense
975 1150 1160 1183 demolitus
1178 1161 1307 1182 novum
1328 1149 1484 1182 edificare
1501 1150 1553 1182 in-

241 1223 339 1266 cepit.
386 1222 455 1254 Vix
473 1222 547 1266 jam
566 1221 792 1254 fundamenta
813 1222 954 1266 jecerat,
981 1233 1089 1265 quum
1108 1222 1228 1255 bellico
1247 1222 1401 1254 tumultu
1420 1221 1552 1259 oborto,

241 1294 445 1327 obturbatus
459 1294 594 1337 incepto
608 1294 751 1326 destitit.
790 1293 982 1327 Enimvero
995 1293 1145 1338 Anglica
1158 1305 1265 1332 arma,
1285 1294 1370 1326 duce
1384 1293 1551 1326 Eduardo

242 1368 365 1410 primo,
391 1376 506 1411 regem
524 1365 547 1398 J
549 1377 695 1398 oannem
713 1366 754 1398 de
772 1365 920 1398 Balliolo
937 1366 973 1399 in
993 1366 1108 1399 Scotia
1129 1366 1217 1399 bello
1241 1366 1403 1409 petivere.
1456 1365 1554 1398 Cres-

242 1438 338 1471 cebat
356 1438 466 1482 magis
484 1438 664 1481 magisque
687 1437 723 1469 in
741 1438 812 1469 dies
835 1434 869 1470 id
888 1437 1015 1470 bellum
1031 1447 1038 1470 :
1058 1439 1286 1481 impleverant
1304 1436 1413 1481 Angli
1436 1437 1553 1470 omnia

244 1510 373 1553 rapinis
386 1514 419 1542 et
431 1509 691 1552 direptionibus.
718 1509 828 1552 Capto
842 1510 981 1542 tandem
993 1509 1015 1542 J
1017 1521 1138 1548 oanne‚
1153 1510 1420 1553 Londinumque
1437 1510 1554 1547 misso,

245 1587 353 1615 totam
383 1582 462 1614 belli
490 1582 562 1614 vim
592 1582 628 1614 in
655 1581 848 1614 Robertum
875 1581 1042 1615 Brusium
1072 1583 1171 1627 regni
1201 1582 1374 1615 haeredem
1401 1586 1553 1615 vertunt.

244 1653 357 1686 Erant
384 1653 511 1686 Brusio
537 1653 718 1686 Scotorum
746 1654 888 1697 plurimi
917 1653 1043 1687 infensi
1075 1654 1118 1687 ob
1152 1665 1279 1687 caesum
1309 1654 1353 1687 ab
1383 1665 1423 1687 eo
1448 1653 1471 1686 J
1473 1664 1555 1687 oan-

244 1737 323 1758 nem
348 1725 596 1769 Cummynum,
626 1726 686 1769 qui
714 1725 816 1758 rebus
842 1737 885 1759 ex
911 1727 1083 1760 sententia
1113 1727 1266 1760 Roberto
1296 1726 1555 1760 succedentibus

243 1799 286 1831 ad
308 1809 418 1831 unum
437 1798 473 1831 in
490 1797 623 1843 Anglia
643 1799 838 1831 exularunt.
890 1798 987 1832 Inter
1003 1810 1090 1843 quos
1110 1798 1294 1838 Henricus,
1312 1799 1372 1842 qui
1390 1799 1554 1832 avunculi

244 1874 358 1913 partes
377 1874 495 1903 contra
509 1870 701 1903 Robertum
720 1871 809 1903 tueri
828 1871 1020 1910 videbatur,
1038 1876 1090 1905 est
1107 1872 1330 1915 proscriptus.
1377 1871 1432 1904 Eo
1449 1882 1556 1915 prope

245 1942 408 1985 temporis
428 1942 591 1975 Brusiani
605 1942 888 1976 Aberdonensem
905 1955 1029 1983 arcem,
1047 1955 1152 1988 quam
1170 1945 1304 1988 aliquot
1321 1955 1429 1977 annos
1447 1943 1557 1976 maxi-

247 2025 303 2046 mo
317 2025 396 2046 cum
408 2014 588 2047 Scotorum
602 2015 818 2048 incommodo
829 2014 938 2060 Angli
952 2021 1146 2055 tenuerant,
1161 2016 1467 2049 Aberdonensibus
1481 2016 1557 2058 plu-

246 2087 375 2119 rimum
396 2087 633 2130 suppetiarum
652 2086 885 2126 afferentibus,
904 2093 1139 2132 expugnatam
1158 2089 1192 2120 vi
1212 2089 1363 2131 capiunt,
1382 2088 1478 2121 caesis
1496 2087 1556 2131 qui

248 2159 322 2203 ejus
336 2159 500 2192 custodiae
514 2158 652 2191 fuerant
665 2159 827 2192 destinati
841 2169 849 2198 3
869 2170 907 2191 ac
920 2161 1023 2202 paulo
1036 2165 1115 2203 post
1130 2171 1172 2192 ne
1183 2159 1310 2204 Anglis
1324 2160 1435 2193 ullum
1446 2158 1558 2192 Aber-

249 2230 361 2264 doniae
378 2236 571 2275 superesset
588 2230 773 2276 refugium,
797 2231 891 2264 omni
909 2232 1110 2275 supellectili
1129 2232 1332 2266 exhaustam
1351 2233 1423 2265 solo
1440 2242 1556 2275 aequa-
