1955 2807
338 339 377 366 66
789 331 1189 364 ABERDONENSIUM

338 449 471 482 vocant,
489 443 587 487 pueri
604 446 755 485 septem:
781 443 841 485 qui
859 442 997 475 altiores
1014 440 1210 484 disciplinas
1223 439 1476 483 profiterentur,
1490 446 1637 482 quatuor

337 516 511 553 doctores3
539 514 671 557 primus
696 513 888 558 theologus,
918 514 983 552 cui,
1016 511 1196 545 Wilhelmi
1227 511 1348 550 edicto,
1378 510 1493 544 caeteri
1523 520 1639 544 omnes

337 591 451 620 essent
469 586 669 625 audientes;
696 586 733 618 in
756 585 931 629 pontificio
952 585 1032 629 jure
1056 584 1246 622 secundus3
1265 583 1388 616 tertius
1407 583 1443 615 in
1461 581 1639 621 Caesare03

338 658 492 691 medicus
521 662 690 701 quartus:
719 657 929 690 baccalaurei
954 655 1007 697 (ut
1030 656 1162 699 dicunt)
1186 655 1312 693 decem,
1339 655 1399 698 qui
1427 659 1460 687 et
1487 655 1641 688 doctores

336 730 496 763 audirent
521 734 555 762 et
579 729 755 762 erudirent
782 729 887 767 alios;
914 728 1038 761 horum
1068 727 1264 770 praecipuus
1290 725 1563 769 subprincipalis,
1587 727 1640 759 cui

340 802 527 835 secundum
551 801 774 844 principalem
800 810 936 832 summa
961 803 1013 831 est
1042 799 1078 831 in
1109 798 1250 842 collegio
1276 798 1442 840 permissa
1468 802 1642 841 potestas:

338 873 598 917 quatuordecim
616 872 855 909 adolescentes,
873 871 1038 913 pollentes
1056 869 1206 913 ingenio,
1230 868 1289 912 qui
1307 868 1531 911 philosophiae
1548 870 1642 902 insu-

338 945 481 977 darent:
500 944 536 976 in
561 943 722 975 humanis
743 943 851 975 literis
877 946 1064 985 praeceptor
1087 941 1253 979 eruditus,
1275 945 1316 973 ut
1337 940 1411 984 ejus
1433 951 1536 983 opera
1563 941 1642 973 ado-

340 1018 516 1054 lescentes,
533 1015 736 1058 priusquam
753 1013 1005 1057 philosophiam
1023 1013 1168 1051 adirent,
1185 1012 1410 1057 grammatica
1420 1012 1641 1051 imbuantur;

338 1088 402 1121 hoc
434 1087 625 1120 literarium
655 1097 782 1119 munus
816 1085 966 1118 Joannes
1001 1084 1143 1123 Vascus,
1180 1083 1436 1117 Aberdonensis
1468 1084 1641 1128 gymnasii

339 1162 511 1198 alumnus,
536 1170 627 1192 nunc
650 1159 843 1202 exequitur,
869 1158 905 1190 in
923 1157 986 1191 hoc
1003 1167 1127 1202 genere
1144 1156 1334 1199 disciplinae
1358 1156 1543 1188 admodum
1567 1167 1643 1189 eru-

340 1235 445 1272 ditus,
471 1243 626 1265 sermone
656 1233 805 1276 elegans,
830 1231 1009 1263 sententiis
1036 1234 1214 1268 venustuS,
1237 1228 1353 1261 labore
1381 1228 1541 1261 invictus.
1592 1228 1639 1261 Hi

343 1311 382 1339 ut
399 1316 517 1339 omnes
536 1305 641 1338 sacris
666 1304 873 1347 exequendis
899 1303 1061 1336 intersint
1087 1302 1169 1334 dum
1193 1301 1330 1344 publico
1355 1301 1508 1333 literario
1529 1301 1644 1334 labore

344 1378 548 1415 abstinetur,
565 1376 746 1409 Wilhelmi
765 1380 816 1408 est
834 1375 1046 1407 mandatum.
1085 1372 1188 1405 AEdes
1206 1373 1353 1416 singulae
1371 1372 1470 1404 condi
1488 1372 1643 1414 inceptae,

343 1450 495 1484 canonici
517 1449 609 1494 juris
636 1447 832 1491 professori,
850 1446 1009 1484 Caesarei,
1033 1444 1174 1482 medico,
1196 1443 1432 1488 grammatico,
1458 1453 1479 1475 a
1503 1444 1645 1487 collegio

343 1527 492 1556 secretae.
545 1521 618 1554 Has
637 1520 685 1553 W
686 1520 845 1553 ilhelmus
863 1529 933 1552 non
951 1517 1109 1555 absolvit,
1132 1520 1243 1548 morte
1266 1519 1442 1558 correptus
1463 1515 1647 1558 intempes-

343 1595 426 1628 tiva.
467 1593 611 1638 Collegii
628 1593 808 1635 templum,
825 1595 949 1628 turres,
968 1594 1002 1622 et
1019 1589 1109 1621 aedes
1127 1598 1213 1632 pene
1230 1597 1358 1625 omneS,
1376 1591 1465 1620 tecto
1486 1587 1646 1630 plumbeo

345 1667 489 1710 operuit.
540 1665 707 1708 Sumptus
732 1664 858 1708 quibus
888 1672 1005 1695 omnes
1032 1661 1173 1694 honeste
1197 1660 1305 1692 vitam
1331 1664 1575 1698 sustentarent,
1605 1670 1647 1692 ex

345 1739 496 1782 praediis,
513 1738 617 1782 agris,
631 1741 665 1770 et
678 1735 911 1769 ecelesiasticis
925 1733 1126 1771 redditibus,
1139 1731 1275 1776 magnis
1289 1730 1467 1763 Wilhelmi
1481 1731 1645 1774 impensis

347 1814 380 1842 et
408 1820 511 1852 opera
535 1809 654 1852 partis,
679 1808 899 1851 proveniunt.
950 1805 1023 1838 Nec
1048 1804 1172 1848 quibus
1195 1802 1464 1847 significavimus
1490 1804 1649 1846 operibus

344 1880 586 1924 laboribusque
613 1881 734 1917 lassus,
767 1889 829 1911 nec
862 1877 1072 1921 quotidianis
1104 1874 1395 1918 occupationibus,
1425 1875 1651 1908 contentioni-

346 1953 420 1992 bus,
438 1953 593 1992 decretis,
619 1949 938 1988 consultationibus,
966 1958 1051 1992 quas
1076 1957 1139 1991 pro
1162 1946 1298 1990 publico
1323 1946 1500 1979 commodo
1523 1946 1649 1985 obibat,

347 2028 405 2060 sed
428 2031 594 2069 tanquam
618 2024 833 2057 centimanus
857 2020 909 2063 (ut
933 2021 1065 2064 poetica
1089 2023 1141 2052 est
1163 2018 1267 2061 fictio)
1294 2018 1331 2050 in
1356 2028 1491 2051 omnem
1518 2022 1650 2061 partem

348 2110 420 2132 sese
445 2102 659 2135 convertens,
685 2095 804 2128 multis
828 2099 862 2127 et
887 2093 1031 2126 diversis
1057 2092 1139 2125 locis
1164 2092 1326 2134 praeclara
1351 2090 1502 2123 facinora
1524 2090 1649 2122 obibat.

352 2170 548 2213 Templum,
560 2169 620 2202 ubi
638 2167 803 2212 primaria
822 2165 1077 2199 Aberdonensis
1089 2164 1194 2202 sedes,
1206 2162 1313 2195 veluti
1330 2163 1371 2194 ad
1386 2162 1459 2205 ejus
1477 2162 1579 2194 unius
1597 2163 1653 2194 de-

352 2246 590 2274 coramentum
607 2240 672 2273 Dei
686 2238 898 2283 benignitate
911 2236 1033 2270 fuisset
1046 2236 1194 2269 delectus
1208 2234 1360 2272 antistes,
1374 2233 1492 2266 multis
1504 2233 1654 2267 donariis
