1955 2807
669 319 1004 351 EPISCOPORUM
1026 320 1155 350 VITAE.
1527 320 1564 347 21

261 429 385 462 Scotiae
399 429 536 466 incolas,
551 428 634 460 adeo
647 428 683 461 in
697 429 770 472 ejus
788 429 853 461 fide
870 433 904 461 et
921 440 1036 461 amore
1054 433 1216 471 perstare,
1234 432 1273 460 ut
1290 437 1362 460 sese
1379 431 1482 469 atque
1500 427 1568 460 for-

263 506 364 534 tunas
379 511 496 533 omnes
510 510 572 542 pro
586 500 677 532 illius
690 499 970 543 Francorumque
984 501 1082 544 regni
1100 501 1210 532 salute
1224 499 1374 532 tribuere
1392 509 1434 532 ex
1452 500 1568 532 animo

262 574 333 606 sint
350 573 471 615 parati.
520 571 629 614 quue
645 572 694 603 rei
712 572 824 603 exitus
842 571 1003 614 probavit
1018 581 1027 610 ;
1052 583 1133 603 nam
1151 583 1193 604 ex
1211 583 1250 604 ea
1267 572 1490 604 multitudine
1508 571 1568 614 qui

262 646 297 677 in
324 644 472 677 scotiam
499 653 577 676 cum
595 641 839 675 Aberdonensi
863 643 1017 675 antistite
1044 643 1316 681 revertebantur,
1340 644 1400 675 vix
1423 644 1570 686 quadra-

261 716 359 760 ginta
376 715 464 747 116110
481 714 690 757 superfuere,
714 715 836 747 comite
854 714 1055 759 Douglasio,
1073 715 1196 746 comite
1214 714 1468 757 Bouquhaniae,
1486 715 1570 747 duo-

262 787 324 820 bus
348 786 588 831 gubernatoris
613 787 797 830 germanis,
823 787 941 818 multis
965 797 1044 818 cum
1061 785 1246 823 nobilibus,
1264 786 1357 818 caesis
1375 786 1467 828 apud
1485 785 1570 818 Ver-

260 860 402 898 nolium,
431 859 489 892 ubi
516 869 594 891 cum
613 856 815 903 Anglorum
840 859 956 901 copiis,
974 869 1037 900 pro
1056 857 1270 890 Francorum
1296 859 1418 896 salute,
1445 868 1569 890 manus

261 935 513 964 conseruerant.
566 929 671 963 Haud
695 930 853 962 dissimili
878 934 978 973 pacto
1003 931 1095 962 inter
1119 934 1274 962 nostram
1298 934 1332 962 et
1356 929 1570 962 Francorum

261 1007 399 1047 gentem
414 1003 546 1047 ingenti
560 1006 678 1035 nostro
691 1002 907 1035 incommodo
923 1001 975 1043 (ut
989 1002 1170 1035 annalibus
1184 1003 1360 1035 memoriae
1372 1007 1423 1035 est
1434 1003 1569 1046 datum)

262 1075 448 1107 sanctitum
458 1074 580 1112 foedus,
591 1073 805 1117 frequentius
817 1077 868 1106 est
878 1074 1053 1106 firmatum
1065 1075 1255 1106 multorum
1270 1075 1438 1118 sanguine
1452 1074 1569 1107 effuso.

262 1145 436 1179 Gilbertus
466 1146 503 1178 in
525 1146 672 1190 patriam
704 1155 863 1178 reversus
896 1145 1010 1178 turbae
1033 1146 1134 1188 plena
1159 1146 1287 1187 reperit
1313 1146 1438 1177 omnia.
1489 1145 1513 1177 J
1515 1156 1570 1178 am

260 1217 409 1260 perierat
426 1216 600 1249 Robertus
625 1216 848 1261 gubernator,
874 1221 1010 1260 accepto
1036 1218 1160 1249 nuntio
1185 1217 1271 1249 duos
1298 1217 1363 1249 sibi
1387 1228 1569 1261 germanos

260 1300 377 1333 pugna
394 1288 522 1321 infelici
540 1290 576 1322 in
595 1288 717 1328 Gallia,
738 1289 836 1333 cujus
853 1289 928 1333 jam
945 1293 1176 1321 memoratum
1199 1293 1261 1327 est,
1291 1288 1510 1327 occubuisse3
1538 1293 1571 1321 et

261 1360 449 1394 Murdacus
461 1361 606 1394 Roberti
616 1361 707 1394 filius
719 1362 823 1394 simul
834 1372 912 1394 cum
924 1361 1126 1393 haereditate
1137 1362 1375 1405 interregnum
1386 1366 1569 1403 receperat.

262 1432 349 1465 Erat
367 1432 526 1465 Murdaci
545 1433 758 1475 principatus
776 1433 896 1465 multis
914 1433 1063 1471 odiosus,
1082 1433 1174 1475 quod
1192 1432 1307 1465 hebeti
1324 1437 1398 1465 erat
1419 1433 1570 1476 ingenio,

261 1515 321 1536 nec
339 1505 421 1537 satis
433 1505 555 1537 idoneo
566 1504 610 1536 ad
624 1515 799 1536 summum
814 1505 1059 1548 magistratum
1076 1513 1083 1535 :
1102 1504 1250 1536 filiorum
1265 1505 1373 1536 nimia
1387 1505 1571 1537 insolentia

260 1577 524 1609 tumescentium
550 1587 681 1609 errores
708 1577 889 1609 emendare
915 1577 1056 1609 minime
1082 1587 1216 1614 curans,
1247 1577 1372 1609 timens
1398 1577 1514 1619 potius
1541 1577 1568 1609 si

259 1649 511 1692 castigarentur
527 1649 564 1681 111
581 1659 617 1680 56
635 1652 808 1681 verterent
831 1659 937 1687 arma,
966 1653 1085 1691 utpote
1103 1650 1162 1691 qui
1181 1659 1242 1691 per
1259 1659 1315 1681 eos
1333 1649 1404 1681 dies
1422 1648 1564 1686 nobiles,

258 1730 422 1764 agrorum
445 1720 583 1758 incolas,
604 1719 821 1752 abbatiarum
850 1725 975 1763 patres,
1002 1725 1036 1753 et
1060 1721 1250 1753 sacerdotes
1277 1721 1486 1763 templorum
1504 1720 1567 1752 foe-

257 1792 395 1824 dissime
423 1796 600 1831 vexarant,
626 1792 664 1824 in
689 1803 826 1825 omnem
847 1793 1004 1835 rapinam
1031 1796 1064 1825 et
1090 1792 1262 1836 flagitium
1288 1793 1468 1825 dissoluti:
1495 1803 1563 1836 qua

257 1863 440 1905 iniquitate
453 1864 592 1897 devenit
599 1868 639 1897 ut
653 1863 774 1897 Scotus
784 1865 942 1908 populus,
952 1865 1130 1897 insolentis
1144 1865 1358 1907 principatus
1368 1865 1562 1907 impatiens,

256 1935 400 1967 diversis
417 1934 622 1968 factionibus
640 1936 822 1975 laboraret,
839 1936 1063 1970 nobilioribus
1078 1937 1172 1969 varie
1186 1937 1227 1969 de
1240 1936 1367 1979 publici
1384 1937 1563 1980 regiminis

257 2006 369 2039 forma
382 2007 619 2040 sentientibus.
650 2007 836 2047 Gilbertus,
848 2009 1007 2051 iniquum
1019 2013 1155 2052 tempus
1167 2019 1300 2046 exosus,
1312 2008 1562 2051 tranquillioris

250 2079 324 2122 jam
339 2079 418 2110 vitae
431 2089 490 2121 spe
503 2078 648 2117 sublata,
662 2078 869 2112 Aberdoniae
886 2091 921 2112 se
939 2081 1109 2113 continuit
1125 2090 1132 2112 :
1159 2081 1217 2113 ubi
1236 2080 1328 2112 haud
1346 2081 1457 2112 multo
1474 2084 1562 2123 post,

256 2151 359 2195 longa
376 2151 580 2195 aegritudine
607 2149 723 2194 (quam
748 2151 896 2184 ethicam
920 2152 1041 2184 medici
1060 2154 1197 2195 vocant)
1224 2163 1364 2195 corpore
1389 2151 1563 2185 confectus

255 2221 335 2255 fatis
353 2224 528 2261 concessit,
546 2224 600 2256 sui
617 2225 841 2268 magistratus
864 2235 954 2257 anno
979 2230 1103 2268 quarto
1122 2237 1226 2269 supra
1247 2226 1467 2259 tricesimum.
1520 2225 1563 2259 In
1580 2226 1623 2259 A.
1644 2227 1686 2259 D.
1709 2230 1809 2260 1424.

255 2293 358 2327 choro
375 2295 579 2328 cathedralis
594 2297 712 2339 templi
731 2296 905 2329 humatus.
