1955 2807
686 298 1016 330 EPISCOPORUM
1039 296 1167 328 VITAE.
1544 298 1580 325 15

269 410 385 448 cendo,
399 408 585 453 populique
603 409 816 442 emendando
834 407 995 451 deliquia,
1013 406 1185 439 lustravit.
1212 404 1366 448 Singulis
1386 404 1478 436 enim
1497 409 1581 437 tem-

270 482 334 525 plis
357 482 493 514 coeunti
513 482 640 525 populo
658 481 730 524 ipse
748 485 781 513 et
795 491 892 513 sacra
909 480 990 523 egit,
1009 483 1042 511 et
1060 482 1111 511 est
1129 478 1360 510 concionatus.
1403 475 1454 509 At
1471 487 1581 520 quum

266 553 354 586 forte
381 553 573 597 Kyldrotty
591 556 689 590 esset,
708 551 890 584 facinorosi
909 550 1049 593 quidam
1073 550 1178 582 sacris
1197 549 1382 587 interdicti,
1401 553 1437 582 et
1455 548 1498 582 ob
1516 549 1580 582 hoc

267 627 425 669 episcopo
453 624 589 662 infensi,
619 624 712 656 illius
740 622 996 656 insidiabantur
1021 621 1136 664 capiti,
1156 621 1300 664 jamque
1326 621 1450 654 armati
1477 631 1579 654 vene-

267 702 346 730 rant
363 697 406 729 ad
424 707 496 729 rem
515 695 693 728 infandam
711 694 987 738 perpetrandam.
1039 692 1080 725 Id
1098 692 1157 725 ubi
1175 693 1323 730 relatum
1347 697 1421 725 erat
1438 692 1461 724 J
1463 693 1577 731 oanni,

264 768 472 812 pontificalia
490 768 632 801 indutus
651 767 807 811 nihilque
828 777 968 810 pavens,
994 765 1219 798 adventantes
1242 764 1445 808 aggreditur
1468 766 1578 797 solen-

264 841 352 873 niori
370 845 540 884 apparatu
556 841 669 872 denuo
687 844 918 872 execraturus.
951 837 1111 881 Tyranni
1129 837 1365 869 venerandum
1384 837 1575 870 antistitem

263 912 460 955 conspicati,
480 916 668 955 spectatam
687 912 770 944 adeo
787 911 940 954 primum
954 910 1113 943 demirati
1127 909 1304 947 virtutem,
1323 909 1443 952 positis
1458 910 1574 948 armis,

263 985 314 1016 ira
340 989 374 1016 et
393 984 481 1022 odi0‚
500 984 543 1016 ad
564 984 638 1027 ejus
662 984 764 1026 pedes
788 983 961 1026 pervoluti
983 981 1113 1014 obortis
1137 981 1324 1024 lachrymis
1342 982 1477 1014 veniam
1498 993 1574 1025 pre-

262 1060 387 1094 cantes,
399 1066 471 1088 sese
486 1066 563 1088 cum
576 1055 725 1088 fortunis
739 1054 898 1087 omnibus
914 1055 1006 1086 illius
1021 1053 1165 1086 arbitrio
1179 1053 1389 1086 obtulerunt.
1428 1053 1572 1093 Praesul,

261 1132 300 1160 ut
325 1127 441 1159 animo
466 1131 539 1159 erat
560 1126 651 1158 facili
670 1127 713 1159 ad
730 1126 990 1170 ignoscendum,
1008 1125 1178 1158 restitutis
1201 1126 1305 1169 agris,
1332 1127 1568 1170 reparatisque

258 1199 406 1231 ecclesiae
424 1198 558 1230 damnis
577 1202 611 1230 et
628 1198 777 1242 injuriis,
794 1198 1000 1241 poenitentes
1018 1197 1236 1230 anathemate
1250 1198 1390 1231 levavit.
1417 1198 1568 1241 Oppres-

257 1282 315 1303 sus
340 1271 389 1303 ita
407 1270 462 1302 vir
482 1271 633 1313 optimus
655 1269 840 1308 laboribus,
868 1280 931 1313 pro
948 1269 1125 1313 religionis
1149 1268 1398 1308 observatione,
1429 1270 1490 1303 diu
1510 1281 1567 1303 su-

257 1354 391 1386 peresse
416 1353 486 1375 non
504 1343 628 1385 potuit.
680 1341 785 1375 Sexto
802 1342 930 1374 etenim
948 1353 1039 1374 anno
1056 1352 1161 1384 quam
1179 1341 1419 1384 pontificatum
1438 1343 1563 1376 inierat

257 1427 275 1447 e
293 1415 405 1447 medio
429 1418 480 1446 est
504 1414 670 1452 sublatus,
695 1418 729 1446 et
751 1413 897 1446 Davidis
923 1414 1062 1446 secundi
1086 1418 1185 1446 sexto
1208 1425 1314 1457 supra
1335 1415 1561 1455 vicesimum3
1589 1419 1679 1453 A,D‚
1701 1422 1804 1453 1355,

257 1487 480 1529 sepultusque
498 1496 624 1530 magno
642 1485 797 1518 omnium
816 1496 892 1518 cum
912 1496 1057 1518 moerore
1075 1486 1111 1517 in
1129 1485 1232 1518 choro
1251 1484 1500 1520 Aberdonensi.

306 1631 347 1664 In
365 1631 469 1675 hujus
487 1632 600 1664 locum
621 1630 939 1663 ALEXANDER
956 1630 1024 1663 DE
1044 1631 1356 1664 KYNINMUND
1370 1633 1568 1666 divinarum

255 1704 555 1746 humanarumque
573 1714 689 1735 rerum
707 1704 887 1746 interpres,
905 1703 969 1736 hac
986 1704 1120 1736 ratione
1137 1703 1357 1748 subrogatur.
1384 1704 1474 1738 Erat
1491 1710 1567 1738 tum

255 1775 343 1808 forte
361 1775 524 1808 Nicolaus
543 1775 684 1818 quidam
704 1776 758 1807 vir
780 1775 983 1808 ambitiosus
1003 1776 1063 1818 qui
1084 1786 1127 1808 ex
1145 1775 1267 1814 Gallia,
1294 1787 1372 1809 cum
1399 1787 1479 1821 rege
1497 1777 1567 1811 Da-

255 1847 332 1879 vide
351 1852 502 1886 venerat,
520 1851 554 1880 et
567 1847 610 1880 ob
627 1847 691 1879 hoc
703 1848 733 1879 ei
745 1847 957 1880 familiarior.
991 1847 1095 1886 Huic,
1109 1848 1301 1880 aulicorum
1314 1848 1468 1892 impulsu
1479 1860 1565 1893 quos

255 1919 437 1962 largitione
460 1923 669 1962 corruperat,
687 1919 970 1952 Aberdonensem
994 1920 1233 1963 pontificatum
1256 1920 1478 1954 deferendum
1503 1933 1565 1955 rex

255 2001 457 2033 persuasum
475 1990 617 2030 habuit3
637 1996 670 2024 et
687 1991 731 2023 ad
749 1992 835 2024 illud
853 1992 1091 2035 exequendum
1109 1993 1225 2025 literas
1244 1993 1288 2025 ad
1302 1994 1491 2036 capitulum
1506 1994 1563 2027 de-

255 2063 306 2095 dit
323 2061 579 2095 Aberdonense.
631 2062 849 2105 Responsum
875 2071 927 2096 est
953 2075 973 2096 a
999 2064 1169 2096 canonicis
1196 2065 1434 2107 pontificatum
1452 2064 1563 2099 Aber-

253 2135 438 2168 donensem
456 2135 610 2167 nondum
628 2146 667 2167 eo
685 2135 873 2174 devenisse,
890 2139 931 2167 ut
948 2136 1007 2178 qui
1025 2136 1102 2178 plus
1120 2136 1304 2180 largitione
1322 2141 1355 2169 et
1373 2136 1560 2171 ambitione

253 2207 393 2246 valeret,
416 2207 515 2240 bonis
537 2211 571 2240 et
592 2205 700 2240 doctis
714 2207 860 2251 rejectis,
877 2208 1024 2251 gradtun
1045 2208 1198 2250 primum
1220 2207 1390 2242 obtineret
1410 2210 1559 2254 dignita-
