1955 2807
344 281 383 309 58
796 278 1193 309 ABERDONENSIUM

341 392 471 431 gratus.
523 386 644 430 Neque
668 386 743 418 haec
766 387 826 418 diu
849 386 1047 418 continuata
1072 397 1151 419 cum
1176 385 1335 418 omnibus
1352 388 1474 430 gratia,
1500 389 1549 420 rei
1575 389 1645 422 cui-

341 469 445 502 quam
476 462 708 501 praeterquam
745 458 957 490 admirandae
988 458 1111 491 virtuti
1141 457 1221 502 jure
1254 457 1446 490 tribuenda.
1510 458 1645 493 Mendi-

339 535 434 563 catus
461 530 552 562 enim
578 528 678 562 favor
701 529 805 562 unius
831 529 980 562 hominis
1007 529 1221 572 improbitati
1243 529 1386 573 junctus
1412 540 1484 562 esse
1507 537 1642 572 potest3

338 606 498 633 constans
521 611 603 633 vero
628 605 661 633 et
687 611 908 644 perseverans
927 600 1164 633 benevolentia
1186 611 1265 633 cum
1287 601 1405 633 multis
1425 599 1549 644 (qualis
1570 607 1643 635 erat

339 671 532 716 wilhelmi)
552 683 613 705 nec
628 677 771 715 paratur
784 672 857 705 sine
871 672 1048 705 excellenti
1063 673 1202 711 virtute,
1219 683 1281 705 nec
1294 676 1394 715 parta
1410 678 1642 707 conservatur.

338 743 435 782 Mox,
453 749 493 777 ut
506 744 622 777 omnia
636 749 734 777 erant
751 744 949 787 tranquilla,
963 743 1089 776 sedatis
1103 743 1199 776 bellis
1214 748 1247 776 et
1264 744 1436 777 intestinis
1455 749 1489 777 et
1506 746 1642 784 exteris,

337 815 546 848 wilhelmus
571 816 614 848 ad
631 816 755 858 patriae
773 819 1015 848 ornamentum
1033 819 1085 847 est
1102 825 1296 847 conversus.
1346 815 1525 849 Scotorum
1550 817 1641 850 enim

336 898 482 930 regnum
500 887 536 920 in
555 892 624 919 tres
642 891 756 929 partes
774 887 942 919 scinditur
959 895 967 918 2
992 886 1117 918 harum
1135 886 1467 929 septentrionariam,
1490 892 1530 920 ut
1553 899 1642 921 com-

337 958 477 990 modum
491 959 614 1001 patriae
629 958 766 990 afferret
776 963 879 1001 atque
890 958 1004 996 decus,
1015 958 1163 1001 sumpsit
1174 957 1417 996 decorandam3
1431 957 1641 992 Abel-doniae

335 1030 528 1062 studiorum
548 1030 717 1063 bonorum
735 1030 956 1074 gymnasium
975 1028 1127 1062 condidit
1144 1030 1312 1073 generale,
1329 1029 1389 1062 ubi
1407 1030 1500 1062 omni
1517 1041 1641 1074 genere

336 1102 526 1144 disciplinae
553 1103 678 1135 eruditi
702 1102 956 1145 profiterentur.
1006 1100 1222 1144 «Iampridem
1247 1101 1284 1134 in
1314 1102 1456 1145 reliquis
1485 1102 1640 1145 partibus

337 1174 462 1206 scholae
476 1173 614 1206 fuerant
631 1174 802 1207 institutae
819 1174 1030 1206 universales
1046 1183 1055 1212 ;
1078 1174 1185 1205 altera
1202 1172 1435 1217 Glasguensis,
1453 1173 1641 1207 Wilhehno

337 1244 507 1278 Dursdeir
524 1246 681 1288 episcopo
699 1250 861 1283 auctore3
887 1246 1005 1284 altera,
1031 1245 1138 1277 literis
1162 1248 1196 1277 et
1220 1244 1411 1277 eruditione
1428 1245 1640 1287 percelebris,

337 1316 453 1349 Sancti
468 1316 630 1355 Andreae,
646 1316 789 1349 Henrici
803 1316 992 1355 Wardlaw,
1009 1317 1074 1349 loci
1091 1316 1267 1354 antistitis,
1285 1327 1388 1358 opera
1405 1321 1439 1349 et
1456 1317 1640 1359 impensis:

337 1387 397 1420 ubi
416 1388 507 1420 viros
528 1389 704 1431 praecipua
726 1388 882 1420 doctrina
907 1388 1057 1420 vidimus
1084 1387 1246 1431 insignes,
1264 1387 1456 1420 Robertum
1475 1387 1640 1426 Kethum,

336 1458 359 1491 J
362 1469 507 1491 oannem
542 1458 757 1497 Liestonum,
797 1458 983 1503 Hugonem
1017 1458 1199 1502 Spensum,
1234 1458 1411 1491 Andream
1447 1459 1640 1499 Rusalium,

337 1530 509 1563 Thomam
536 1531 754 1569 Ramnsium,
772 1530 925 1564 Alanum
953 1531 1137 1569 Meldrum,
1159 1541 1333 1563 sacrarum
1361 1531 1539 1564 literarum
1565 1543 1643 1575 pro-

336 1602 491 1641 fessores,
505 1603 658 1636 eruditos
672 1603 870 1642 admodum,
882 1602 1109 1636 lVilhelmum
1124 1602 1301 1641 Gundum,
1315 1602 1338 1635 J
1340 1614 1486 1636 oannem
1498 1603 1643 1637 Annan-

335 1674 412 1712 diae,
440 1675 531 1707 viros
556 1679 718 1718 spectatae
742 1675 919 1713 doctrinae,
945 1675 1016 1718 qui,
1037 1675 1174 1708 tametsi
1198 1674 1363 1707 hactenus
1389 1676 1581 1719 magisterii
1603 1677 1640 1708 in

335 1745 536 1790 theologicis
564 1752 755 1780 renuerunt
772 1747 963 1792 fastigium,
984 1748 1026 1780 de
1043 1758 1078 1780 se
1095 1747 1282 1780 modestius
1307 1748 1504 1786 sentientes,
1528 1748 1642 1780 docto-

334 1817 430 1850 ribus
449 1822 565 1850 tamen
583 1829 639 1851 eos
658 1830 760 1852 nemo
777 1820 903 1852 dixerit
920 1819 1111 1852 eruditione
1128 1818 1315 1851 inferiores.
1360 1817 1521 1851 Vidimus
1540 1820 1641 1852 innu-

334 1900 445 1922 meros
472 1901 609 1933 quoque
637 1891 733 1928 alios,
757 1901 888 1923 sacram
915 1891 1135 1935 theologiam,
1153 1890 1348 1923 veneranda
1366 1891 1459 1934 jura,
1482 1896 1541 1923 aut
1566 1891 1643 1934 phi-

334 1961 527 2004 losophiam
543 1961 752 2005 profitentes.
788 1961 925 1995 Horum
944 1963 1050 2006 aliqui
1064 1962 1236 1996 saecularis
1252 1962 1305 2003 (ut
1322 1962 1455 2006 dicunt)
1467 1963 1618 1996 instituti
1632 1975 1639 1995 ε

332 2034 389 2065 alii
415 2034 487 2066 divi
512 2033 715 2078 Augustini,
741 2033 930 2073 Benedicti,
956 2034 1141 2073 Francisci,
1167 2033 1383 2067 Dominicive
1409 2034 1537 2067 ordinis
1562 2035 1638 2067 viri.

332 2103 494 2138 Prodiere
530 2106 595 2139 hoc
624 2117 666 2139 ex
702 2106 894 2151 gymnasio,
927 2111 1149 2150 posteaquam
1182 2105 1304 2139 habuit
1329 2107 1478 2144 initium,
1508 2106 1637 2150 insigni

333 2175 488 2210 doctrina
507 2178 573 2210 viri
592 2179 794 2221 complures,
820 2179 879 2222 qui
897 2179 1088 2212 eruditione
1109 2184 1143 2212 et
1166 2189 1301 2212 morum
1327 2178 1496 2221 probitate
1522 2177 1637 2211 Scoto-
