1955 2807
643 338 972 370 EPISCOPORUM
995 338 1123 368 VITAE.
1499 341 1538 367 29

235 448 430 486 formatam,
452 448 511 480 ubi
529 449 571 480 ad
590 447 871 481 Aberdonensem
889 448 1062 480 ecclesiam
1080 446 1250 480 canonicis
1268 446 1303 478 id
1321 445 1540 489 poscentibus

236 519 349 552 fuerat
367 520 554 558 traductus,
573 524 612 552 ut
630 519 781 552 defuncti
800 520 890 551 senis
908 520 1055 562 cognati,
1073 530 1163 550 unus
1178 518 1438 551 Gallovidianus
1453 518 1540 561 epis-

237 602 351 634 copus,
379 592 465 624 alter
491 592 586 633 prior
613 590 775 622 Candidae
806 590 911 627 Casae,
943 590 1066 622 tertius
1097 589 1202 622 abbas
1234 590 1478 634 Tunglandiae,
1508 594 1541 622 et

237 666 380 705 quartus
402 662 694 695 Sedisanimarum
718 661 833 699 abbas,
859 666 1068 699 crearentur,
1094 662 1212 693 multis
1235 661 1409 694 laboribus
1427 667 1461 694 et
1478 663 1542 694 im·-

237 734 350 776 pensis
369 733 528 766 obtinuit.
578 732 677 766 Alios
696 738 810 766 autem
834 733 986 777 ejusdem
1005 737 1167 777 cognatos
1189 737 1292 775 atque
1314 744 1356 764 ex
1376 733 1542 765 fratribus

238 811 340 848 atque
358 805 532 838 sororibus
550 810 700 848 nepotes,
726 816 812 848 quos
832 816 949 837 omnes
968 805 1120 838 moribus
1139 810 1173 838 et
1190 805 1371 848 disciplina
1394 805 1542 837 liberali-

242 884 293 911 ter
321 879 483 915 instituit,
516 878 713 910 sacerdotiis
744 877 896 915 donavit,
926 881 1044 919 neptes
1075 877 1158 909 viris
1189 877 1372 914 nobilibus,
1401 876 1542 910 fortuna

243 950 424 992 opulentis,
442 950 617 992 copulavit
635 949 867 981 matrimonio.
919 948 1129 991 Exemplum
1154 949 1249 991 quod
1268 948 1332 980 hac
1350 953 1469 981 nostra
1491 949 1543 980 in-

240 1021 335 1054 felice
363 1026 465 1054 aetate
495 1022 564 1054 rari
594 1026 676 1054 sunt
705 1022 884 1053 imitaturi.
936 1020 1193 1053 Aberdonensis
1225 1019 1290 1061 (uti
1317 1025 1367 1053 est
1393 1021 1540 1063 dictum)

240 1094 417 1136 episcopus
436 1093 647 1137 designatus,
665 1093 708 1125 ob
726 1093 800 1125 haec
817 1093 1040 1136 gratitudinis
1066 1093 1189 1124 merita
1214 1092 1372 1125 omnibus
1397 1093 1545 1125 admira-

242 1165 327 1197 tioni
358 1175 430 1197 esse
457 1165 578 1207 coepit:
605 1175 667 1196 nec
692 1163 760 1197 fujt
785 1175 828 1197 ex
853 1165 980 1197 nostris
1006 1165 1066 1207 qui
1093 1164 1208 1196 virum
1237 1165 1469 1197 maximarum
1497 1176 1549 1197 re-

240 1246 318 1268 rum
337 1236 634 1268 administratione
651 1236 795 1280 dignum
814 1247 883 1269 non
901 1240 1077 1275 censeret3
1098 1240 1199 1268 tanta
1218 1240 1434 1279 acceptorum
1448 1236 1548 1268 bene-

242 1308 397 1340 ficiorum
415 1309 591 1346 memoria,
606 1312 702 1340 tanta
720 1309 757 1341 in
781 1309 952 1341 demortui
977 1309 1067 1340 senis
1088 1309 1214 1340 amicos
1240 1308 1477 1341 benevolentia
1499 1313 1549 1341 at-

242 1390 308 1422 que
326 1380 503 1423 gratitudo
523 1381 560 1412 in
580 1391 619 1413 eo
637 1381 841 1423 conspicata.
893 1380 964 1413 Sub
982 1381 1017 1413 id
1035 1385 1183 1422 tempus,
1201 1380 1361 1412 mittendi
1383 1384 1481 1412 erant
1504 1381 1550 1412 le-

244 1452 315 1494 gati
334 1452 468 1484 decreto
486 1452 622 1494 publico
644 1452 687 1484 ad
706 1452 922 1496 Burgundiae
940 1453 1072 1490 ducem,
1090 1452 1149 1495 qui
1164 1452 1260 1495 regia
1275 1452 1434 1494 quaedam
1447 1462 1550 1496 nego-

245 1524 293 1555 tia
310 1524 353 1555 ad
367 1534 446 1556 eum
460 1523 661 1566 perferrent.
688 1524 745 1556 Ad
759 1524 848 1556 hanc
864 1524 1078 1566 provinciam
1093 1524 1285 1556 obeundam
1301 1523 1457 1556 Thomas
1471 1534 1548 1556 nos-

246 1600 307 1632 ter,
322 1595 577 1627 Aberdonensis
590 1595 664 1638 jam
683 1595 838 1633 antistes,
856 1596 1011 1627 omnium
1032 1595 1206 1639 suffragiis
1218 1596 1391 1639 deligitur.
1424 1595 1493 1633 Qui
1511 1596 1548 1627 in

247 1667 275 1698 F
278 1667 446 1698 landriam
464 1671 582 1709 postea
599 1667 643 1698 ad
666 1667 786 1699 ducem
808 1666 992 1710 trajiciens,
1017 1667 1239 1699 multitudine
1263 1667 1455 1709 piratarum
1473 1666 1548 1699 An-

245 1739 393 1782 glorum,
411 1739 454 1771 ad
471 1739 507 1771 id
525 1738 683 1771 Eduardi
700 1739 791 1783 regis
808 1739 911 1783 jussu
929 1739 1099 1772 instructa
1115 1740 1234 1771 multis
1254 1739 1455 1772 muneribus
1473 1750 1551 1782 pro-

248 1811 370 1849 missis,
388 1810 540 1854 fugatus,
558 1811 619 1843 vix
637 1810 722 1855 fuga
739 1811 842 1843 saluti
861 1812 1044 1844 consuluit.
1075 1810 1197 1854 Neque
1214 1811 1310 1854 prius
1328 1822 1452 1843 manus
1471 1822 1549 1844 eva-

249 1883 294 1914 sit
321 1884 520 1926 urgentium
549 1894 653 1926 quam
671 1883 861 1928 naufragus
891 1888 925 1916 et
952 1894 1038 1926 pene
1063 1884 1188 1921 nudus,
1215 1883 1374 1916 omnibus
1401 1883 1550 1916 fortunis

250 1955 394 1991 amissis,
421 1955 456 1986 in
482 1953 703 1987 Hollandiam
728 1956 932 2000 ejiceretur3
959 1959 1057 1988 tanta
1080 1955 1230 1988 hominis
1255 1956 1411 1998 capiendi
1435 1955 1550 1992 libido,

250 2037 308 2069 spe
340 2025 554 2058 Eduardiani
584 2027 736 2059 muneris
766 2027 936 2069 potiundi,
964 2026 1161 2071 Anglorum
1192 2028 1325 2059 animos
1357 2027 1551 2059 incesserat.

251 2097 415 2136 Thomas,
441 2097 622 2142 naufragio
648 2098 801 2130 hostium
827 2099 961 2131 insidiis
987 2099 1163 2137 liberatus,
1185 2099 1227 2130 ad
1259 2098 1553 2142 Burgundionum

251 2170 381 2208 ducem,
400 2170 452 2202 uti
470 2169 591 2202 habuit
612 2170 648 2202 in
669 2170 795 2208 animo,
816 2170 1004 2203 concessit:
1030 2181 1051 2202 a
1071 2181 1139 2212 quo
1164 2170 1260 2202 vario
1287 2169 1552 2214 magnificentiae

250 2251 373 2283 genere
391 2246 561 2285 exceptus,
579 2242 682 2295 regiis
701 2242 882 2285 postulatis
901 2242 1050 2275 recitatis
1069 2242 1110 2274 de
1124 2242 1323 2285 reparandis
1342 2241 1551 2285 quibusdam
