1955 2807
698 316 1028 354 EPISCOPORUM
1050 314 1180 347 VITAE,
1554 310 1593 337 79

286 444 392 473 tatem
419 442 492 470 arte
526 445 599 473 sua,
629 444 699 477 qna
724 431 915 475 plurimum
942 425 1126 471 pollebant,
1151 420 1305 456 conferre
1330 428 1399 452 non
1425 420 1594 461 poterant,

287 517 402 544 tamen
419 514 460 542 ut
476 508 550 541 vita
566 508 596 539 ei
615 506 651 538 in
669 504 859 538 triennium
880 500 988 533 ferme
1006 499 1251 541 prorogaretur
1269 492 1404 536 magnis
1422 488 1595 522 laboribus

287 583 521 616 obtinuerunt.
573 577 707 610 Mentio
725 585 786 618 per
803 574 838 606 id
862 577 998 614 tempus
1017 570 1058 601 de
1076 566 1256 600 wilhelmi
1276 563 1445 607 pontificis
1463 562 1596 606 legatis,

287 656 330 688 ad
354 654 463 697 Deyae
488 650 640 684 fluminis
670 647 786 691 pontis
818 643 1060 679 conditionem,
1091 638 1224 682 collegii
1256 635 1598 671 consummationem,

287 727 416 759 aediuin
441 733 577 768 quoque
603 721 678 765 ejus
704 720 740 752 in
766 717 894 751 vicinia
919 714 1020 748 condi
1047 713 1273 754 inceptarum‚
1304 706 1507 743 tribuendis,
1532 704 1599 737 fre-

287 798 449 841 quentius
475 795 575 828 facta.
628 791 799 826 Conventi
826 788 952 832 quibus
975 784 1185 818 W’ilhclmus
1212 792 1275 814 sua
1300 778 1443 812 credidit
1468 777 1598 813 vivens,

288 871 346 903 alii
373 878 509 912 quoque
527 876 674 910 quorum
696 865 732 897 in
754 872 878 895 manus
896 858 1085 892 wilhelmo
1108 855 1275 888 moriente
1300 852 1374 895 ejus
1398 860 1478 893 opes
1501 849 1601 880 ‹leve-

288 953 368 975 nere
383 952 392 980 ς
420 941 600 973 obtentum
618 937 716 975 nihil,
734 934 899 977 temporis
917 930 1124 974 impediente
1141 925 1335 969 iniquitate.
1387 921 1441 954 Ea
1459 925 1600 964 propter

290 1016 325 1048 hi
353 1015 395 1046 ad
421 1023 507 1056 quos
532 1010 711 1055 negotium
739 1007 889 1040 maxime
915 1001 1102 1047 spectabat,
1129 1008 1237 1043 quum
1265 996 1421 1028 viderent
1448 1004 1507 1025 nec
1534 993 1601 1035 legi

290 1089 414 1124 locum,
436 1095 497 1117 nec
523 1082 692 1119 homines,
718 1084 779 1112 aut
805 1087 918 1110 causae
945 1074 1120 1118 aequitate,
1147 1074 1208 1103 aut
1233 1067 1426 1102 recentibus
1453 1065 1601 1109 episcopi

290 1157 471 1191 wilhelmi
488 1153 641 1188 defuncti
660 1151 844 1185 beneficiis,
863 1146 1071 1181 commoveri
1088 1153 1198 1187 posse,
1216 1142 1260 1175 ad
1278 1141 1352 1184 ejus
1370 1141 1483 1182 legata
1500 1137 1603 1169 desti-

290 1235 388 1264 natos
407 1229 444 1261 in
461 1237 544 1260 usus
562 1223 810 1260 distribuenda,
827 1232 870 1254 ne
890 1220 1023 1263 majora
1039 1216 1208 1250 sentirent
1225 1211 1452 1248 incommoda,
1475 1220 1547 1242 rem
1566 1209 1602 1240 in

291 1301 519 1346 opportunius
548 1303 685 1340 tempus
713 1294 896 1338 (siquando
922 1290 1076 1333 daretur)
1103 1287 1310 1322 differentes,
1337 1283 1453 1316 onmia
1479 1281 1602 1314 dehinc

292 1384 427 1407 summo
454 1371 699 1404 continuerunt
727 1367 874 1400 silentio.
926 1363 1079 1396 Moritur
1102 1360 1242 1393 tandem
1267 1356 1476 1392 Alexander,
1500 1354 1656 1387 tertioA.
1672 1355 1714 1387 D.
1739 1356 1827 1386 1515

294 1445 512 1490 pontificatus
535 1443 588 1475 sui
610 1451 711 1477 ann0‚
733 1438 887 1481 sepultus
906 1440 985 1469 ante
1003 1444 1098 1467 aram
1116 1431 1327 1475 praecipuam
1346 1426 1602 1461 Aberdonensis

295 1518 456 1551 basilicae.

344 1662 386 1695 In
413 1661 487 1705 ejus
513 1660 637 1696 locum,
663 1655 904 1689 canonicorum
930 1650 1115 1695 suffragiis,
1139 1648 1266 1682 summi
1292 1644 1464 1689 pontificis
1487 1648 1606 1676 aucto-

294 1735 397 1767 ritate
413 1732 579 1769 adhibita,
603 1729 766 1762 suffectus
785 1723 1004 1760 GAVINUS
1022 1718 1304 1756 DUNBARUS,
1322 1728 1364 1750 ex
1384 1717 1490 1749 veteri
1509 1716 1607 1748 Dun-

295 1807 457 1839 barorum
486 1803 628 1840 familia,
654 1800 829 1845 generosis
859 1795 1059 1841 parentibus
1085 1796 1295 1837 procreatus,
1326 1791 1362 1822 in
1389 1787 1606 1832 philosophia

296 1877 538 1922 pontificioque
559 1876 639 1920 jure
665 1873 820 1916 apprime
843 1870 1009 1903 eruditus.
1060 1866 1150 1898 Erat
1175 1866 1204 1897 is
1227 1864 1294 1896 fido
1317 1872 1450 1904 semper
1473 1865 1506 1892 et
1529 1870 1608 1891 con—

298 1951 403 1984 stanti
424 1949 550 1985 animo,
574 1946 808 1980 studiosorum
832 1946 976 1979 amator,
994 1940 1160 1972 scelerum
1178 1946 1307 1973 censor,
1333 1934 1512 1975 cultorque
1531 1932 1607 1974 jus-

299 2023 398 2059 titiae,
421 2026 453 2053 et
477 2020 519 2052 ob
541 2019 604 2051 hoc
623 2017 741 2050 Jacobi
763 2014 887 2053 Quarti
914 2012 1017 2056 regis,
1035 2010 1147 2043 adhuc
1173 2009 1341 2051 privatus,
1368 2002 1607 2037 secretioribus

300 2093 450 2127 consiliis
482 2092 652 2128 admotus,
680 2088 916 2129 creditumque
945 2084 976 2116 ei
1004 2082 1136 2126 regium
1167 2077 1485 2120 chartophylacium
1517 2074 1609 2115 (nos-

301 2170 407 2199 trates
425 2164 611 2208 registrum
626 2161 764 2203 vocant)
782 2157 875 2202 quod
892 2165 994 2200 penes
1014 2164 1092 2187 eum
1106 2151 1250 2196 jubente
1264 2160 1344 2194 rege
1358 2149 1516 2190 deinceps
1534 2156 1609 2189 per-

302 2238 439 2271 mansit.
492 2235 560 2268 Hic
577 2234 695 2268 statim
712 2231 772 2265 ubi
790 2228 1027 2274 pontificatum
1045 2225 1204 2262 iniverat,
1223 2221 1458 2256 Aberdoniam
1477 2228 1609 2251 conces-
