1955 2807
690 344 1020 376 EPISCOPORUM
1043 343 1170 374 VITAE.
1543 344 1582 370 25

282 455 417 499 habuit)
433 455 591 498 apposuit
609 464 749 492 1nanus3
768 454 971 496 praeparatis
991 464 1032 485 ex
1050 453 1156 497 tignis
1174 452 1277 484 simul
1294 450 1478 493 compactis
1495 449 1585 482 facta

285 528 459 560 lacunaria
487 526 667 568 trabesque
694 525 951 567 parietibusque
981 525 1146 566 imposuit
1162 534 1168 556 :
1198 523 1419 556 lucunaribus
1447 526 1585 560 tectum,

283 603 373 632 secto
399 599 510 640 lapide
536 597 660 629 stravit
686 596 948 638 pavimentum:
976 596 1084 638 portis
1111 596 1275 637 appositis
1295 595 1416 633 valvis,
1442 605 1521 637 quae
1543 594 1585 626 ad

283 671 464 713 parietum,
483 669 562 701 tecti
581 669 684 700 simul
702 672 804 711 atque
822 667 1023 710 pavimenti,
1048 668 1336 709 complementum
1355 670 1586 709 ornatumque

283 742 486 779 attinebant,
504 745 704 783 sumptuose
722 740 805 772 satis
823 739 991 771 adhibuit.
1035 738 1131 771 Inter
1148 739 1219 770 haec
1237 744 1352 770 tamen
1371 743 1513 770 externa
1530 749 1588 770 ne-

282 814 386 859 gotia,
405 814 558 846 studium
579 814 757 845 literarum
774 823 843 844 non
868 812 1064 843 intermisit.
1107 810 1149 843 In
1167 815 1303 843 sextum
1322 811 1413 843 enim
1428 810 1588 843 Decreta-

283 887 367 919 lium
386 892 419 918 et
434 886 666 918 Clementinas
685 889 860 917 accuratas
879 888 981 927 atque
996 884 1131 916 erudito
1146 884 1220 915 viro
1234 884 1356 927 dignas
1371 884 1478 915 edidit
1491 894 1588 915 enar-

283 958 442 990 rationes.
495 957 629 989 Extant
659 957 788 989 codices
819 956 885 987 viri
915 956 1104 999 diligentiae
1134 955 1262 987 indices
1292 955 1329 986 in
1359 965 1395 986 re
1427 955 1587 986 literaria.

284 1030 384 1062 Pauli
411 1034 526 1062 autem
545 1028 719 1071 Epistolas
743 1039 870 1071 inagna
891 1028 1076 1059 admodum
1096 1027 1314 1059 veneratione
1332 1031 1365 1059 et
1384 1037 1499 1058 amore
1518 1037 1590 1058 am-

283 1103 403 1144 plexus
429 1105 490 1138 est,
514 1111 599 1143 quas
629 1100 665 1131 in
695 1099 774 1131 sinu
804 1109 938 1141 semper
964 1098 1097 1137 habuit,
1127 1098 1364 1141 verbatimque
1395 1099 1588 1131 edidicerat.

281 1172 463 1205 Inchoavit
480 1172 516 1204 in
534 1182 590 1203 eas
608 1171 881 1208 commentarios,
908 1170 967 1202 sed
984 1181 1053 1202 non
1071 1169 1222 1212 perfecit.
1274 1169 1383 1202 Paulo
1402 1170 1484 1202 vitae
1505 1175 1585 1203 ante

282 1244 424 1281 exitum,
439 1244 511 1287 regi
526 1253 649 1286 parum
669 1247 825 1285 acceptus
844 1242 1044 1280 habebatur,
1059 1242 1141 1285 quia
1155 1242 1380 1274 ecclesiastica
1397 1242 1586 1274 sacerdotia

282 1327 361 1360 quae
379 1320 454 1349 tum
471 1315 560 1348 forte
578 1315 766 1347 rectoribus
785 1314 963 1352 vacabant,
987 1315 1060 1358 ejus
1079 1325 1184 1346 suasu
1201 1318 1262 1346 aut
1281 1314 1383 1358 jussu
1400 1314 1525 1357 potius,
1543 1315 1585 1346 iis

283 1389 364 1421 dare
386 1387 533 1425 nolebat,
552 1387 688 1429 quibus,
712 1387 765 1418 vel
789 1391 929 1429 propter
949 1390 1083 1418 aetatem
1102 1387 1157 1418 vel
1174 1386 1425 1429 ignorationem
1449 1390 1524 1418 tum
1548 1387 1588 1418 li-

285 1465 436 1492 terarum
459 1463 533 1491 tum
555 1469 669 1490 rerum
696 1458 938 1495 humanarum,
967 1468 1185 1500 nequaquam
1213 1458 1382 1490 committi
1408 1458 1586 1491 debebant.

285 1531 454 1563 Constans
472 1531 508 1562 in
526 1529 704 1572 promissis
723 1529 900 1561 servandis
922 1529 1135 1569 habebatur;
1164 1530 1361 1572 splendidus
1386 1530 1422 1562 in
1445 1529 1587 1564 familiae

285 1603 390 1640 victu,
408 1612 530 1644 parcus
548 1602 584 1633 in
602 1612 674 1633 suo.
720 1601 921 1633 Familiares
939 1601 1061 1634 habuit
1079 1602 1354 1644 septentrionalis
1367 1602 1464 1646 regni
1478 1603 1587 1645 partis

284 1673 477 1711 nobiliores,
484 1674 654 1717 majorum
669 1674 856 1716 praesertim
872 1674 1120 1718 primogenitos
1130 1674 1289 1716 virosque
1303 1674 1472 1712 eruditos3
1485 1678 1588 1717 atque

283 1746 407 1778 horum
431 1756 534 1788 opera
556 1745 592 1777 in
616 1745 717 1777 rebus
738 1745 902 1789 gravibus
928 1745 1099 1784 utebatur,
1124 1746 1264 1778 illorum
1285 1751 1400 1778 autem
1425 1746 1588 1788 exemplis

284 1818 422 1860 optimis
448 1822 566 1850 tenera
591 1816 717 1849 imbuit
742 1822 889 1860 pectora.
941 1817 1122 1850 Exornare
1144 1817 1210 1850 Dei
1237 1818 1411 1850 ecclesiam
1436 1818 1589 1850 aedificiis

284 1895 317 1921 et
343 1890 563 1927 ornamentis,
602 1889 785 1922 hominum
817 1890 949 1921 animos
981 1890 1121 1932 optimis
1149 1890 1338 1932 disciplinis
1366 1894 1400 1922 et
1424 1890 1589 1928 moribus,

283 1971 416 2003 semper
434 1965 485 1993 est
503 1962 661 1993 annixus.
714 1961 866 1994 Moritur
884 1962 1033 2000 tandem,
1056 1962 1110 1994 his
1129 1966 1231 2004 atque
1249 1962 1324 1994 aliis
1342 1962 1461 1994 multis
1478 1962 1584 2005 gestis

284 2033 440 2076 insignis,
458 2036 680 2075 posteaquam
705 2033 946 2075 septemdecim
967 2045 1074 2066 annos
1097 2038 1254 2066 tenuerat
1276 2033 1528 2076 pontificatum,
1551 2038 1585 2066 et

283 2105 304 2137 J
307 2104 402 2137 acobi
420 2105 510 2148 regis
529 2104 675 2136 Secundi
694 2115 784 2136 anno
802 2105 963 2136 vicesimo
981 2106 1138 2137 secundo.
1180 2105 1274 2137 Dum
1292 2105 1366 2148 ejus
1384 2104 1488 2138 funus
1507 2105 1585 2138 effe·
1602 2106 1645 2139 A.
1658 2107 1700 2140 D.
1722 2110 1825 2144 1459.

283 2183 389 2214 retur,
403 2176 663 2208 Aberdonenses
676 2176 765 2208 cives
780 2180 813 2208 et
826 2181 994 2209 matronae
1008 2176 1193 2219 probiores,
1212 2188 1272 2219 per
1285 2177 1436 2209 dolorem
1450 2177 1584 2221 lachry-

284 2253 427 2287 mantes,
445 2248 589 2281 cadaver
606 2259 733 2292 magna
749 2249 968 2281 veneratione
985 2253 1067 2282 sunt
1084 2249 1288 2282 deosculatae
1303 2259 1311 2282 :
1329 2253 1426 2282 tanta
1443 2249 1584 2295 Ingera-

911 2322 936 2345 D
