1955 2807
673 345 1004 377 EPISCOPORUM
1027 345 1154 376 VITAE.
1526 346 1562 374 31

260 456 304 489 ob
321 461 494 489 servatam
511 456 656 488 salutem
681 455 810 499 gratias
832 455 990 493 reddidit,
1014 460 1047 487 et
1069 455 1111 487 ad
1133 452 1394 486 retributionem
1413 451 1565 485 beneficii

260 539 443 561 nummum
463 527 605 569 (nobiles
623 527 664 559 de
682 537 760 559 rosa
777 527 955 569 appellitat
973 527 1113 570 vulgus)
1129 527 1221 558 mille
1239 526 1275 558 in
1291 536 1398 558 annos
1412 525 1567 568 singulos

261 601 374 643 quoad
388 601 476 632 vixit
493 598 672 642 pendebat,
690 602 724 630 et
741 598 832 630 inter
847 598 1039 641 praecipuos
1056 597 1205 630 habebat
1222 598 1359 630 amicos.
1398 596 1473 629 Hac
1490 607 1568 640 pro-

261 671 404 704 fectione
422 682 461 703 eo
479 670 671 703 securitatis
687 680 759 703 sese
774 670 951 703 devenisse
967 670 1155 703 arbitratus
1170 674 1221 702 est
1235 669 1400 708 Thomas,
1418 674 1457 702 ut
1475 670 1570 702 dein-

260 753 336 786 ceps
355 743 515 786 patriam,
538 746 599 775 aut
623 746 716 775 terra
733 753 794 785 per
810 741 988 787 Angliam,
1006 747 1067 774 aut
1085 753 1146 785 per
1163 752 1269 779 mare,
1290 745 1443 784 repetere
1461 741 1569 784 possit

260 818 367 847 tutus.
409 814 553 848 Dimisit
570 815 650 847 inde
664 814 851 847 Eduardus
867 814 1050 853 Thomam,
1068 825 1182 857 quem,
1201 814 1244 846 ob
1261 813 1442 857 probatam
1461 813 1515 845 vel
1534 813 1569 844 in

260 887 393 920 hostem
411 887 623 926 fidelitatem,
641 898 710 920 non
728 898 798 920 uno
818 887 1080 931 magnificentiae
1097 897 1221 931 genere
1242 891 1294 919 est
1317 886 1439 918 deinde
1457 896 1572 928 prose-

261 964 371 992 cutus.
411 959 549 1004 Brugas
568 960 684 1003 itaque
703 960 849 998 rediens,
874 970 979 992 naves
996 958 1274 1002 praestolabatur,
1292 959 1327 990 in
1346 958 1496 990 Scotiam
1515 968 1572 990 cu-

262 1032 358 1073 piens
376 1032 543 1075 trajicere.
590 1031 727 1064 Interea
746 1032 866 1064 delatae
883 1036 965 1064 sunt
983 1043 1000 1063 e
1018 1031 1132 1063 Scotia
1150 1031 1253 1074 regiae
1270 1031 1378 1062 literae
1395 1030 1438 1062 ad
1456 1030 1571 1072 ipsum

262 1103 529 1144 praestolantem,
547 1103 673 1143 quibus
687 1102 823 1142 publico
837 1103 972 1132 decreto
981 1102 1131 1143 jussum,
1146 1105 1185 1132 ut
1199 1100 1397 1132 Alexander
1410 1100 1571 1134 Albaniae

261 1174 343 1211 dux,
369 1182 553 1216 germanus
571 1172 672 1215 regis,
696 1171 757 1214 qui
774 1175 850 1203 tum
868 1172 904 1203 in
923 1171 1061 1203 Geldria
1079 1182 1156 1203 cum
1174 1172 1345 1204 avunculo
1363 1172 1497 1215 agebat,
1521 1183 1572 1205 re-

262 1246 443 1277 duceretur
460 1245 496 1276 in
513 1244 672 1287 patriam.
712 1243 866 1276 Thomas
884 1243 957 1287 regi
975 1244 1115 1286 cupiens
1133 1243 1380 1286 obtemperare,
1398 1248 1438 1276 ut
1455 1245 1572 1276 omnia

262 1317 387 1350 rectius
405 1317 626 1359 securiusque
644 1315 775 1354 fierent,
797 1327 850 1354 ne,
871 1316 900 1348 si
918 1316 990 1348 dux
1007 1315 1206 1348 Alexander
1223 1317 1259 1348 in
1278 1316 1431 1349 hostium
1449 1327 1573 1349 manus

263 1389 465 1432 trajiciendo
479 1388 665 1426 deveniret,
680 1399 752 1420 suae
768 1389 910 1420 daretur
923 1389 1078 1426 incuriae,
1096 1389 1140 1420 ad
1154 1388 1360 1420 Eduardum
1374 1388 1572 1432 Anglorum

264 1471 380 1504 regem
393 1460 483 1492 illico
497 1464 549 1492 est
562 1459 736 1502 profectus
749 1469 757 1492 ι
780 1460 871 1502 apud
885 1471 987 1502 quem
1006 1460 1134 1492 recenti
1148 1459 1309 1492 beneficio
1327 1464 1461 1493 motum
1475 1460 1573 1493 facile

264 1531 424 1570 obtinuit,
448 1536 488 1564 ut
510 1531 591 1570 dux,
618 1536 755 1574 accepto
773 1536 977 1570 commeatu,
1001 1536 1062 1564 aut
1080 1533 1235 1564 terrestri
1260 1532 1392 1571 itinere,
1418 1537 1479 1565 aut
1503 1537 1574 1566 tra-

259 1605 365 1648 jectu,
384 1614 522 1636 securus
536 1603 734 1648 Anglorum
751 1604 896 1642 insidiis,
914 1604 1000 1636 liber
1018 1604 1239 1636 reduceretur
1256 1605 1292 1637 in
1306 1604 1466 1637 Scotiam.
1501 1604 1573 1637 Ha-

265 1676 344 1708 bitis
367 1676 447 1708 inde
470 1676 592 1720 gratiis
618 1675 800 1720 magnifico
824 1676 909 1720 regi,
934 1676 1071 1720 Brugas
1095 1677 1291 1709 revertitur.
1343 1676 1416 1709 Nec
1439 1677 1500 1709 diu
1525 1676 1572 1710 ibi

264 1752 428 1779 moratus.
480 1747 696 1790 Comparatis
715 1759 794 1791 quae
818 1749 862 1780 ad
885 1747 1131 1791 profectionem
1150 1748 1356 1782 videbantur
1373 1750 1573 1787 necessaria,

264 1829 380 1857 naves,
405 1829 483 1852 cum
502 1820 586 1852 duce
604 1824 638 1852 et
658 1819 826 1853 militibus
844 1820 972 1863 partim
990 1820 1202 1853 nostratibus
1220 1821 1348 1863 partim
1375 1831 1417 1853 ex
1435 1820 1576 1853 Geldria

265 1891 391 1929 accitis,
415 1892 620 1925 conscendit.
673 1891 795 1936 Itaque
814 1892 948 1925 duabus
973 1904 1051 1925 cum
1075 1892 1242 1925 celocibus
1260 1892 1403 1936 profecti
1425 1894 1573 1926 secundo

266 1967 379 2001 vento,
401 1963 455 1995 die
477 1964 591 2002 tertia,
613 1975 691 1996 cum
709 1964 877 1998 Scoticam
896 1969 1025 1998 terram
1043 1970 1221 1998 cernerent
1239 1965 1333 1998 haud
1350 1966 1428 2008 plus
1448 1965 1572 2008 viginti

266 2035 374 2067 millia
391 2046 556 2078 passuum
574 2035 701 2074 abesse,
719 2035 878 2080 Anglicae
896 2038 1012 2069 classis
1030 2037 1073 2069 ab
1091 2038 1215 2069 ultima
1232 2036 1321 2079 Tyle
1342 2035 1446 2077 (nunc
1465 2036 1574 2068 Islan-

266 2108 358 2140 diam
373 2108 510 2151 vocant)
529 2108 565 2140 in
579 2106 764 2141 Albionem
783 2109 999 2152 trajicientis,
1016 2109 1169 2151 quinque
1187 2109 1323 2146 celoces,
1341 2109 1451 2141 multo
1464 2109 1573 2141 milite

266 2180 427 2222 omnique
441 2179 560 2212 bellico
574 2184 744 2223 apparatu
758 2180 921 2218 munitas,
939 2190 1015 2223 quae
1029 2181 1072 2212 ad
1086 2184 1315 2212 mercatorum
1330 2191 1435 2212 naves
1450 2191 1470 2212 a
1483 2180 1574 2223 pira-

267 2256 381 2284 tarum
407 2252 535 2297 injuria
561 2253 724 2299 tutandos
746 2252 880 2296 publice
905 2251 1045 2285 fuerant
1071 2252 1247 2291 adhibitae,
1273 2252 1392 2286 obvias
1414 2252 1573 2285 habuere.
