1955 2807
343 312 382 338 48
795 310 1152 341 ABERDONENSIU
1159 311 1194 341 M

342 427 474 449 summe
492 417 727 449 necessariam.
780 417 867 450 Haec
884 420 1030 461 paucula
1048 419 1089 451 de
1108 419 1260 451 amicitia
1287 419 1415 461 placuit
1442 419 1577 458 referre,
1604 424 1643 453 ut

341 499 416 520 eam
443 488 573 521 cunctis
599 489 812 528 mortalibus,
840 490 899 522 sed
924 491 1135 534 principibus
1162 491 1321 529 maxime,
1353 491 1528 534 complura
1554 502 1643 524 com-

341 560 442 592 moda
459 560 590 598 afferre,
613 571 787 604 regnaque
808 562 967 594 maximis
985 563 1210 595 incommodis
1228 563 1352 601 levare,
1376 563 1641 595 ostenderemus.

340 632 406 664 Sed
423 632 466 664 ad
483 632 643 665 institum
658 633 845 666 veniamus.
880 633 1029 666 Jacobus
1045 633 1195 672 Tertius
1213 634 1357 666 illustris
1374 634 1553 666 Scotorum
1572 645 1643 672 rex,

339 704 436 747 cujus
460 715 522 736 nos
539 705 882 748 quantulumcunque
908 710 1072 744 oratores,
1100 711 1134 738 te
1160 716 1275 749 regem
1295 705 1641 743 christianissimum,

339 776 493 808 omnium
512 777 710 809 mortalium
727 777 1001 809 illustrissimum
1020 777 1221 819 principem,
1243 778 1335 809 omni
1351 789 1419 820 qua
1436 778 1531 810 decet
1548 788 1642 809 reve-

338 848 449 880 rentia
466 849 596 880 salvere
609 848 710 891 jubet
725 858 734 886 ς
754 849 805 880 tui
823 848 1096 886 amantissimus,
1111 847 1174 881 tibi
1193 859 1228 880 se
1247 853 1359 880 totum
1372 849 1502 891 praebet
1518 859 1526 887 ;
1546 854 1640 881 tuam

338 919 574 951 celsitudinem
592 919 761 957 observat,
785 924 993 959 veneratur-3
1018 919 1105 952 nihil
1125 920 1235 964 magis
1263 920 1367 962 cupit,
1391 920 1477 952 nihil
1501 920 1564 952 sibi
1586 921 1643 964 ju-

338 990 493 1028 cundius,
511 990 742 1023 delectabilius
756 991 854 1029 nihil,
869 1002 973 1034 quam
989 992 1029 1023 de
1045 996 1105 1023 tua
1119 991 1400 1034 Francorumque
1414 992 1511 1035 regni
1526 992 1642 1024 audire

337 1064 455 1095 salute.
512 1061 554 1094 In
572 1062 635 1094 hoc
652 1073 747 1105 spem
765 1073 913 1101 omnem,
931 1063 967 1095 in
985 1063 1049 1095 hoc
1065 1074 1161 1095 suam
1181 1064 1327 1095 salutem
1345 1064 1489 1105 reponit.
1528 1062 1641 1105 Ipsius

337 1134 587 1177 praeclarissimi
606 1134 842 1178 progenitores
862 1134 1041 1167 Scotorum
1061 1146 1168 1179 reges,
1186 1134 1400 1167 Francorum
1424 1140 1561 1178 gentem
1589 1146 1641 1168 so-

337 1207 424 1238 ciam
442 1211 476 1238 et
494 1206 638 1238 amicam
657 1205 792 1244 habere,
810 1205 903 1238 haud
922 1217 1044 1249 parum
1063 1207 1105 1238 ad
1123 1217 1221 1238 suam
1240 1206 1386 1249 gloriam
1406 1211 1508 1249 atque
1527 1208 1640 1249 splen-

337 1279 453 1310 dorem
471 1278 616 1310 attinere
634 1278 711 1315 rati,
738 1288 816 1309 cum
835 1277 968 1315 Carolo,
987 1277 1201 1310 Francorum
1227 1288 1317 1321 rege,
1342 1278 1640 1320 illustrissimoque

338 1349 574 1381 Romanorum
592 1350 807 1391 imperatore,
828 1349 893 1387 cui,
915 1348 958 1381 ob
979 1360 1033 1381 res
1055 1350 1191 1393 egregie
1214 1354 1340 1393 gestas,
1360 1349 1489 1393 Magno
1515 1360 1639 1382 nomen

337 1425 389 1452 est
412 1420 572 1458 inditum,
599 1421 853 1452 sanctissimum
878 1419 999 1459 foedus,
1021 1421 1121 1452 certis
1142 1420 1286 1464 legibus,
1310 1420 1418 1452 nihilo
1442 1421 1556 1453 minus
1579 1432 1640 1464 pro

338 1492 551 1524 Francorum
576 1503 681 1535 quam
707 1492 889 1525 Scotorum
908 1492 1096 1530 commodo,
1115 1503 1320 1535 percussere.
1372 1492 1506 1526 Mansit
1533 1494 1639 1526 ictum

336 1564 447 1596 foedus
465 1564 529 1596 sub
547 1564 728 1597 Scotorum
746 1564 885 1608 regibus
904 1565 939 1596 in
958 1564 1029 1596 haec
1051 1575 1159 1607 usque
1177 1565 1300 1602 secula,
1324 1575 1343 1596 a
1362 1563 1484 1596 Carolo
1508 1564 1638 1609 Magno

336 1637 371 1668 in
387 1642 486 1669 tuum
500 1647 609 1679 usque
622 1637 818 1679 imperium,
833 1636 970 1668 firmum
985 1640 1088 1679 atque
1102 1637 1307 1669 inviolatum
1321 1645 1328 1667 ε
1346 1636 1468 1675 foedus,
1485 1637 1638 1679 inquam,

336 1718 405 1739 non
431 1708 533 1740 modo
559 1708 815 1750 diplomatibus
834 1707 946 1746 bullis,
970 1708 1108 1747 chartis,
1135 1712 1168 1740 et
1194 1708 1315 1751 sigillis
1343 1706 1396 1748 (ut
1421 1708 1553 1751 dicunt)
1580 1709 1638 1740 sed

337 1780 517 1821 utriusque
534 1780 663 1822 populi,
687 1790 749 1822 pro
767 1780 908 1812 alterius
935 1781 1054 1818 salute,
1077 1779 1204 1811 bellicis
1223 1778 1429 1811 tumultibus
1447 1780 1635 1812 multorum

338 1850 506 1894 sanguine
524 1850 632 1882 effuso
649 1850 834 1883 firmatum.
872 1851 965 1889 Quot
983 1862 1024 1883 ex
1042 1851 1161 1883 bellica
1178 1850 1391 1883 Francorum
1415 1856 1528 1895 gente,
1545 1862 1634 1889 cum,

339 1920 519 1954 Scotorum
535 1932 660 1960 amore,
672 1922 858 1961 Anvicum,
870 1921 1067 1966 Anglorum
1079 1933 1202 1960 arcem,
1217 1923 1279 1955 loci
1292 1927 1418 1972 natura
1430 1922 1565 1962 fortem,
1578 1923 1637 1956 ho-

337 1994 472 2026 minum
491 1994 630 2038 ingenio
647 1993 825 2026 fortiorem
842 1993 979 2032 factam,
997 1998 1229 2038 expugnatam
1248 2005 1374 2036 cepere,
1394 1999 1528 2037 captam
1546 1995 1634 2026 mira

338 2076 518 2097 servavere
544 2069 628 2103 arte,
646 2064 842 2109 Anglorum
867 2065 997 2108 periere
1018 2064 1181 2098 insidiis?
1220 2065 1407 2098 Periissent
1425 2075 1541 2098 omnes
1560 2076 1637 2107 pro-

337 2136 508 2175 culdubio,
526 2137 555 2169 si
572 2148 642 2169 non
661 2136 872 2181 Douglasius
890 2148 1001 2170 comes
1020 2137 1120 2170 citius
1139 2136 1349 2169 occurrisset.
1381 2136 1521 2174 Contra,
1538 2142 1633 2179 quot,

337 2217 460 2249 quaeso,
468 2207 648 2242 Scotorum
660 2208 790 2242 nobiles
801 2209 930 2242 recenti
941 2209 1044 2248 clade,
1056 2219 1098 2241 ne
1110 2212 1225 2241 vetera
1237 2218 1488 2246 connumerem,
1500 2207 1542 2240 ad
1548 2206 1634 2240 Ver-
