1955 2807
732 264 1061 296 EPISCOPORUM
1084 262 1212 293 VITAE.
1595 268 1635 295 59

317 384 394 407 rum
419 373 567 406 ecclesiae
592 373 685 406 haud
706 384 853 416 parvum
879 374 1025 407 attulere
1048 373 1278 416 splendorem.
1332 370 1416 404 Tria
1442 371 1478 404 in
1502 382 1542 404 eo
1566 373 1633 404 col-

319 446 417 490 legia.
446 445 614 484 Primum,
625 445 717 488 quod
732 445 978 489 Paedagogium
996 450 1131 483 vocant,
1146 444 1380 477 amoenissimo
1394 443 1545 476 civitatis
1557 445 1630 477 loco

319 518 436 556 situm,
454 517 574 550 multis
588 517 670 549 viris
689 516 805 560 probis
823 521 927 559 atque
945 517 1090 549 literatis
1109 517 1170 559 qui
1182 527 1224 549 ex
1239 527 1278 549 eo
1296 516 1452 558 prodiere
1470 516 1627 560 insigne3

321 590 468 622 alterum
483 588 599 621 Sancti
613 587 813 627 Salvatoris,
828 588 1014 620 venerabili
1031 588 1159 630 templo
1174 588 1369 630 pulchrum,
1387 589 1578 631 amplisque
1597 594 1631 621 et

319 660 561 704 spectabilibus
575 659 707 692 aedibus
725 659 769 692 ad
787 660 983 693 studiorum
1001 670 1115 692 usum.
1168 659 1245 692 Hoc
1262 659 1285 691 J
1288 659 1413 692 acubus
1432 660 1631 700 Kennedus,

320 732 437 765 Sancti
455 731 609 764 Andreae
635 731 717 764 olim
744 732 899 770 antistes,
926 732 967 764 de
994 732 1102 765 literis
1128 731 1376 774 literarumque
1399 733 1631 766 excultoribus

319 804 448 847 optime
462 804 617 842 meritus,
635 803 798 842 condidit,
812 804 1004 847 amplisque
1017 804 1160 836 donavit
1174 803 1314 846 praediis
1333 808 1367 836 et
1385 804 1575 837 redditibus
1589 806 1631 837 ad

318 876 507 920 legentium
531 881 566 908 et
588 876 787 908 auditorum
810 880 995 919 sumptus3
1027 876 1146 908 multis
1174 876 1258 908 item
1280 876 1370 908 vasis
1398 876 1441 908 ad
1467 887 1570 909 usum
1596 877 1632 909 in

318 949 434 987 sacris,
452 948 624 986 calicibus,
641 948 762 986 urceis,
781 947 919 991 phialis,
936 948 1075 991 pateris,
1093 947 1262 990 pelvibus,
1280 947 1454 980 cantharis
1473 948 1516 980 ad
1540 948 1633 980 lava-

317 1030 425 1058 crum,
444 1019 666 1058 candelabris,
681 1020 872 1052 salvatoris
890 1019 1000 1063 effigie
1014 1019 1099 1051 duos
1114 1029 1220 1061 prope
1236 1019 1369 1052 cubitos
1388 1020 1501 1063 longa,
1519 1020 1632 1053 thuri-

317 1091 418 1130 bulis,
435 1091 571 1130 acerris,
589 1091 759 1129 crucibus,
777 1091 853 1123 aliis
866 1101 1004 1134 quoque
1018 1091 1110 1123 vasis
1128 1101 1170 1123 ex
1188 1095 1332 1134 argento
1350 1101 1503 1134 auroque
1516 1090 1629 1124 fabre-

315 1162 426 1201 factis,
438 1163 654 1195 sacerdotum
665 1163 774 1201 stolis,
782 1161 1131 1205 cappis,Dalmaticis‚
1143 1162 1280 1201 tunicis,
1292 1163 1416 1195 casulis
1430 1161 1483 1203 (ut
1495 1163 1628 1207 dicunt)

318 1245 360 1268 ex
378 1246 463 1268 auro
481 1239 693 1280 argentoque
715 1235 840 1273 textili,
861 1235 983 1267 villosa
1005 1233 1119 1278 bysso,
1145 1234 1308 1277 palmata,
1334 1234 1513 1273 undulata,
1540 1245 1630 1267 cam-

314 1308 412 1350 panis
435 1307 721 1340 tintinnabulisve
744 1307 864 1340 multis
882 1307 979 1339 dulce
1002 1307 1206 1340 sonantibus
1225 1311 1266 1339 ut
1288 1306 1505 1339 harmoniam
1526 1308 1628 1350 plane

314 1378 424 1411 facere
442 1380 635 1417 videantur,
663 1379 783 1412 aulaeis
807 1379 968 1422 byssinis,
990 1378 1174 1421 tapetibus,
1199 1378 1244 1411 ad
1267 1379 1387 1420 templi
1409 1378 1625 1421 publicarum

315 1461 451 1494 quoque
469 1451 593 1483 aedium
611 1455 773 1483 ornatum
788 1459 797 1483 ε
822 1455 866 1489 et,
884 1455 923 1483 ut
941 1461 1013 1482 rem
1032 1454 1166 1483 tantam
1184 1450 1221 1482 in
1238 1454 1373 1482 arctum
1398 1449 1624 1490 conferamus,

314 1523 402 1556 nihil
419 1524 513 1556 intus
532 1523 619 1556 nihil
637 1527 735 1556 extra
751 1523 844 1566 quod
862 1533 1028 1567 magnum
1046 1526 1225 1565 sumptum
1250 1526 1284 1554 et
1306 1526 1523 1565 apparatum,
1545 1533 1624 1555 con-

312 1596 434 1628 ditoris
457 1606 520 1639 pro
544 1595 724 1640 dignitate,
744 1595 851 1628 animi
873 1605 1010 1638 quoque
1036 1594 1339 1639 magnificentiam,
1365 1604 1434 1626 non
1452 1595 1621 1627 ostendat.

312 1667 459 1700 Addidit
484 1668 626 1700 tertium
651 1667 834 1712 collegium
860 1666 1011 1700 Joannes
1040 1666 1264 1710 Hepburnus,
1298 1666 1411 1699 adhuc
1436 1672 1620 1709 superstes,

310 1739 587 1772 celebratissimae
611 1738 759 1772 abbatiae
780 1739 852 1772 divi
870 1739 1023 1772 Andreae
1047 1739 1142 1782 prior
1164 1749 1204 1772 ac
1226 1739 1433 1777 moderator,
1454 1739 1530 1783 jam
1553 1738 1620 1771 fre-

309 1822 417 1854 quens
435 1812 539 1844 variis
558 1811 593 1844 in
611 1811 799 1855 disciplinis
817 1811 1058 1855 profitentibus
1076 1815 1110 1844 et
1127 1810 1354 1844 auditoribus.
1401 1809 1436 1843 Is
1454 1809 1476 1842 J
1479 1821 1617 1849 oannes,

310 1883 369 1916 ubi
387 1883 560 1916 abbatiam
577 1883 662 1916 viris
680 1883 860 1928 religiosis,
879 1883 1010 1916 musica
1028 1881 1110 1926 (qua
1130 1893 1265 1926 semper
1286 1882 1334 1915 ibi
1355 1883 1559 1915 excellentes
1584 1889 1617 1915 et

309 1955 391 1988 clari
409 1954 518 1997 fuere)
536 1955 698 1998 omnique
715 1965 840 2000 genere
857 1956 1048 1998 disciplinae
1066 1955 1285 1998 pollentibus,
1300 1954 1491 1987 incredibili
1510 1955 1616 1993 cultu,

308 2032 342 2060 et
367 2028 506 2070 templo,
529 2031 563 2059 et
589 2026 729 2066 aedibus,
751 2027 939 2070 multisque
956 2028 1055 2061 novis
1079 2027 1264 2060 structuris
1288 2031 1482 2064 ornaverat,
1500 2031 1540 2059 ut
1566 2027 1614 2059 rei

307 2099 470 2132 literariae
495 2099 698 2138 consuleret,
723 2099 906 2143 collegium
933 2097 1063 2140 (Sancti
1091 2098 1264 2131 Leonardi
1287 2099 1426 2141 vocant)
1452 2099 1616 2138 instituit,

308 2176 449 2215 sumptu
467 2172 510 2204 ad
529 2171 714 2215 magistros
738 2175 772 2204 et
795 2170 1014 2204 scholasticos
1032 2181 1074 2203 ex
1093 2171 1299 2214 comparatis
1317 2170 1453 2213 praediis
1475 2170 1616 2203 tributo.
