1955 2807
350 285 368 311 S
800 279 1197 310 ABERDONENSIUM

343 400 403 433 per
428 390 559 433 legatos
590 392 764 430 acceperat
788 387 1069 420 Dunkeldensem
1095 388 1327 430 episcopatum
1350 387 1504 419 omnium
1530 387 1652 420 suffra-

343 462 409 506 giis
423 460 487 494 sibi
501 461 663 497 delatum,
678 459 713 490 id
723 458 796 502 regi
814 469 1030 501 summopere
1047 459 1179 501 placere
1193 467 1200 490 z
1219 457 1344 489 idcirco
1362 467 1400 489 eo
1415 456 1652 490 Duukeldeam

344 534 387 565 ad
417 543 532 576 regem
562 530 775 569 concedente,
801 529 1056 563 Aberdoneusis
1087 531 1196 562 clerus
1222 528 1376 561 Gilberto
1402 529 1443 560 de
1469 528 1654 571 Stryvelyn

346 605 420 637 viro
438 603 544 636 nobili
562 601 798 645 pontificatum
816 601 979 634 decernit.

393 743 675 779 GILBERTUS
700 748 833 777 creatus
857 744 1012 782 antistes,
1035 744 1126 776 illico
1154 748 1295 776 conatus
1318 747 1370 776 est
1389 748 1429 776 ut
1454 754 1594 776 nemora
1615 745 1655 776 de

345 817 444 856 Bras,
462 818 503 849 de
518 816 675 854 Cloueth,
693 816 951 858 nemoralesque
969 815 1055 859 agri,
1069 825 1129 858 per
1146 815 1319 858 improbos
1337 816 1505 858 quosdam
1523 820 1656 848 monta-

347 900 409 922 nos
438 888 567 932 injuria
592 888 724 930 aliquot
749 897 856 918 annos
882 885 1122 919 Aberdonensi
1146 886 1294 919 ecclesiae
1319 886 1522 925 subtractos,
1545 887 1654 919 eidem

345 961 620 993 restituerentur.
651 958 721 996 Qui
738 957 1011 991 execrationibus
1029 962 1062 990 et
1079 958 1270 990 interdictis
1288 958 1465 996 admoniti,
1482 958 1658 1001 pontifica-

346 1033 412 1064 lem
429 1031 590 1064 timentes
612 1029 862 1068 auctoritatem,
880 1034 914 1061 et
931 1040 974 1061 ne
992 1029 1026 1060 vi
1044 1034 1078 1062 et
1100 1029 1205 1062 armis
1226 1029 1317 1073 regis
1335 1029 1568 1068 domarentur,
1586 1029 1658 1062 Gil-

344 1103 441 1136 berto
467 1102 801 1145 obtemperaverunt.
853 1100 1051 1144 Emigravit
1072 1101 1100 1133 is
1122 1100 1277 1143 pontifex
1300 1104 1378 1143 post
1401 1101 1563 1143 adeptum
1586 1113 1657 1134 ma-

346 1176 531 1219 gistratum
550 1185 640 1206 anno
653 1173 844 1210 undecimo,
858 1171 1049 1205 Alexandri
1067 1172 1205 1204 secundi
1218 1172 1309 1216 regis
1321 1172 1482 1205 vicesimo
1499 1174 1657 1212 secundo,

107 1251 195 1283 AD.
218 1250 319 1281 1238.
343 1252 377 1280 et
395 1250 523 1279 nostrae
541 1245 661 1278 salutis
679 1244 860 1277 millesimo
879 1244 1111 1277 ducentesimo
1128 1244 1300 1276 tricesimo
1319 1248 1449 1277 octavo.

396 1388 591 1421 Secundum
605 1388 689 1426 haec,
703 1386 959 1420 Aberdonensis
973 1388 1093 1425 clerus,
1106 1385 1197 1418 facta
1210 1386 1369 1418 concione
1382 1385 1601 1425 Aberdoniae,
1620 1389 1654 1419 in

346 1460 631 1494 consultationem
648 1459 779 1491 ducunt
795 1468 899 1501 quem
916 1458 1133 1501 potissimum
1151 1467 1296 1500 praeesse
1314 1458 1450 1490 vellent.
1490 1457 1578 1491 Erat
1595 1469 1655 1501 per

347 1533 382 1565 id
400 1536 536 1574 tempus
554 1530 805 1574 Abbyrbrothy
823 1529 1127 1562 RADULPHUS
1151 1528 1265 1567 abbas,
1286 1529 1340 1561 vir
1362 1529 1552 1562 incredibili
1575 1541 1655 1573 pru-

347 1604 464 1636 dentia
480 1607 514 1635 et
531 1602 721 1635 sanctitate.
773 1600 882 1645 Cujus
900 1605 941 1633 ut
955 1600 1045 1633 forte
1062 1601 1152 1633 inter
1169 1600 1431 1633 consultandum
1450 1600 1569 1633 incidit
1587 1612 1655 1634 ser-

346 1686 412 1713 mo,
431 1685 532 1707 nemo
550 1685 589 1707 eo
606 1675 642 1706 in
661 1677 834 1706 conventu
851 1677 912 1705 aut
929 1672 1040 1705 voluit
1057 1676 1118 1704 aut
1135 1682 1239 1704 ausus
1257 1670 1325 1703 fuit
1342 1672 1449 1704 alium
1463 1672 1506 1704 ad
1519 1683 1654 1705 sacrum

347 1747 589 1791 magistratum
614 1746 801 1779 nominare.
853 1744 1007 1777 Tantum
1033 1755 1072 1776 ea
1097 1747 1299 1786 tempestate
1325 1743 1530 1776 desiderium
1550 1742 1654 1786 (quod

347 1818 444 1851 nobis
463 1819 579 1851 videre
596 1818 738 1850 minime
756 1822 809 1849 est
827 1817 1038 1859 concessum)
1056 1815 1204 1859 pastoris
1222 1815 1282 1857 qui
1305 1815 1455 1857 optimus
1473 1820 1570 1852 esset,
1595 1815 1654 1847 ha-

349 1890 450 1922 bendi
469 1890 667 1922 mortalium
685 1889 817 1921 animos
835 1888 1028 1920 incesserat.
1063 1886 1185 1929 Itaque
1203 1897 1319 1919 omnes
1338 1887 1380 1918 ad
1399 1897 1506 1919 unum
1525 1887 1655 1919 Radul-

347 1961 455 2004 phuni
474 1961 667 2003 episcopum
688 1960 870 1992 declarant.
923 1957 1138 2001 Radulphus,
1156 1968 1225 2000 quo
1242 1957 1392 1990 diximus
1416 1959 1528 1996 modo,
1545 1957 1654 1991 Aber-

348 2033 507 2066 donensis
525 2033 703 2076 episcopus
722 2035 873 2069 vocatus,
890 2030 984 2063 haud
1007 2030 1079 2062 sine
1107 2030 1233 2062 summi
1259 2030 1428 2073 pontificis
1452 2018 1653 2063 auctoritate

349 2116 410 2138 sua
435 2116 476 2137 ex
499 2104 636 2137 abbatia
662 2107 846 2141 extractus,
871 2102 1089 2140 Aberdoniae,
1113 2102 1231 2145 populi
1256 2103 1389 2147 ingenti
1414 2112 1492 2134 cum
1517 2102 1653 2146 gaudio.

349 2177 549 2210 Alexandro
574 2187 653 2220 rege
679 2179 847 2218 presente,
868 2179 1095 2212 consecratur,
1121 2184 1211 2207 anno
1232 2173 1362 2207 Christi
1384 2174 1564 2207 millesimo
1592 2174 1653 2205 du-
