1955 2807
324 273 363 300 60
640 293 668 302 ,¹
779 272 1175 303 ABERDONENSIUM

327 379 519 422 Splendidae
544 380 700 422 quaedam
725 379 815 411 aedes
842 379 890 411 ibi
917 384 1174 418 consummatae,
1204 381 1281 412 aliae
1312 381 1472 414 aedificari
1499 388 1625 426 coeptae.

326 450 474 494 Reliqua
490 451 594 494 hujus
613 451 679 482 viri
696 455 803 494 gesta,
825 461 1024 494 quanquam
1041 455 1123 484 sunt
1140 451 1362 495 amplissima,
1388 455 1625 497 constantique

328 523 482 555 omnium
496 522 737 564 praedicatione
751 522 930 560 celebrata,
941 527 1052 555 tacere
1065 527 1181 555 tamen
1195 523 1485 556 modestissimum
1499 535 1628 563 censeo,

329 594 421 636 quod
438 598 641 637 magnatum
658 594 775 626 laudes
793 592 890 634 (dum
908 594 1108 637 superstites
1127 595 1221 638 sunt)
1240 606 1331 633 raro,
1349 596 1539 628 multorum
1556 606 1631 628 sen-

329 665 448 704 tentia,
474 666 547 698 sine
564 665 804 698 assentationis
822 666 897 698 labe
914 667 1114 708 prodantur.
1165 665 1231 698 Sed
1248 667 1455 709 sperandum
1473 672 1524 700 est
1541 679 1630 705 eum,

329 737 389 780 qui
407 748 486 770 suos
504 738 650 781 majores
668 738 867 781 longissime
888 738 1075 780 superavit,
1099 738 1274 780 inceptum
1291 738 1355 770 hoc
1373 749 1457 781 opus
1476 750 1545 772 non
1562 750 1631 772 uno

330 809 592 853 magnificentiae
617 820 741 853 genere
767 813 1097 841 consummaturum.
1150 807 1242 841 Huic
1268 810 1408 853 collegio
1433 811 1469 842 in
1497 822 1533 843 re
1560 811 1634 844 lite-

329 881 421 913 raria
437 881 460 912 J
462 892 588 913 oannes
606 880 800 912 Annandiae
822 878 933 923 (cujus
951 880 1044 912 haud
1062 880 1171 912 multo
1189 884 1268 912 ante
1286 881 1518 923 meminimus)
1538 893 1634 914 exor-

330 953 426 984 dium
452 952 556 989 dedit,
586 952 640 983 vir
669 952 738 983 acri
770 962 903 994 semper
930 951 1080 995 ingenio,
1109 952 1265 984 doctrina
1292 952 1479 994 plurimum
1506 954 1633 992 valens,

331 1024 384 1067 cuj
390 1034 428 1055 us
444 1024 554 1055 virtus
569 1024 611 1055 ad
625 1028 778 1066 posteros
794 1023 917 1061 veniet,
936 1027 975 1055 ut
993 1023 1142 1055 debitam
1157 1028 1231 1056 tum
1246 1024 1382 1056 laudem
1396 1030 1633 1067 consequatur.

332 1094 389 1127 Ad
410 1095 637 1127 Wilhelmum
664 1099 827 1127 revertor.
879 1094 913 1126 Is
942 1092 1007 1135 (uti
1034 1099 1085 1126 est
1111 1095 1355 1138 significatum)
1379 1094 1634 1129 Aberdonensis

332 1167 457 1199 scholae
475 1167 644 1210 generalis
662 1170 781 1198 auctor
799 1177 837 1198 ac
854 1166 1044 1204 institutor,
1062 1166 1122 1209 qui
1140 1166 1213 1210 ejus
1231 1165 1456 1199 fundamenta
1474 1168 1634 1211 jacerem,

332 1238 532 1280 primusque
559 1239 594 1270 in
621 1249 660 1270 ea
685 1237 839 1269 liberales
862 1237 1039 1280 profiterer
1065 1242 1166 1277 artes,
1184 1249 1238 1270 me
1263 1237 1353 1279 (licet
1379 1239 1493 1271 minus
1516 1244 1635 1281 aptum

335 1310 377 1341 ad
396 1314 532 1342 tantum
551 1320 677 1341 munus
696 1310 948 1351 exequendum)
963 1310 1098 1353 delegit,
1116 1310 1315 1342 muneribus
1334 1316 1367 1343 et
1385 1312 1638 1353 pollicitationi-

337 1382 398 1413 bus
425 1381 467 1413 ad
493 1392 528 1412 se
554 1382 683 1418 allexit,
710 1381 769 1423 qui
795 1385 869 1413 tum
888 1381 1030 1413 Parisiis
1056 1382 1092 1413 in
1119 1382 1278 1425 religioso
1303 1386 1335 1414 et
1360 1382 1545 1414 venerabili
1563 1382 1639 1415 Col-

337 1453 426 1497 legio
445 1452 670 1484 Montisacuti
696 1452 950 1495 philosophiam
976 1456 1150 1496 utcunque
1173 1452 1386 1491 enarrabam,
1412 1453 1471 1486 ubi
1488 1453 1511 1485 J
1514 1465 1639 1487 oannes

338 1524 521 1563 Standonc‚
533 1525 704 1557 virtutum
719 1525 873 1557 omnium
886 1525 1070 1567 exemplar,
1082 1525 1292 1567 praecipuum
1304 1525 1375 1569 egit
1386 1525 1639 1569 magistratum,

339 1597 436 1630 bonis
461 1598 576 1630 valens
601 1598 765 1640 exemplis
792 1597 835 1629 ad
861 1597 1016 1629 homines
1040 1597 1192 1639 probatis
1216 1596 1368 1629 moribus
1395 1602 1429 1630 et
1454 1598 1641 1640 disciplinis

338 1670 551 1707 imbuendos,
570 1674 739 1712 quantum
758 1669 881 1712 reliqui
899 1680 961 1701 sua
981 1674 1079 1701 aetate
1098 1668 1307 1701 Parisienses
1325 1670 1501 1711 praeceptis
1517 1679 1524 1700 ι
1551 1669 1642 1702 hunc

299 1757 305 1759 -
342 1742 455 1773 virum
474 1742 667 1784 gloriantur
690 1733 941 1784 pleriquesese
965 1741 1100 1773 vidisse.
1152 1740 1257 1772 Multi
1281 1744 1356 1773 tum
1380 1752 1418 1773 eo
1441 1741 1478 1772 in
1501 1741 1643 1784 collegio

343 1817 440 1845 erant
469 1814 533 1844 viri
569 1814 740 1856 exquisita
770 1813 972 1850 eruditione,
1002 1822 1150 1855 quorum
1178 1811 1343 1854 praecipui
1372 1811 1496 1844 Petrus
1525 1811 1643 1855 Syrus,

343 1885 533 1928 theologus,
552 1884 676 1917 Petrus
689 1884 878 1922 Rolandus,
896 1895 965 1926 quo
979 1888 1187 1926 praeceptore
1206 1894 1287 1915 usus
1306 1894 1382 1915 sum
1397 1884 1433 1915 in
1448 1884 1642 1921 dialecticis,

343 1957 365 1989 J
368 1968 494 1990 oannes
513 1956 703 1995 Gasserus3
731 1961 850 1988 extant
874 1956 941 1988 viri
964 1956 1151 1988 doctissimi
1176 1955 1212 1987 in
1236 1956 1370 1987 decreta
1393 1960 1531 1998 patrum
1556 1966 1644 1987 com-

344 2029 503 2061 mentarii
520 2039 528 2067 ;
556 2027 724 2061 Erasmus
744 2028 1007 2065 Roterodanius,
1029 2032 1157 2060 nostrae
1181 2028 1293 2060 aetatis
1312 2028 1471 2070 splendor
1491 2031 1525 2059 et
1545 2037 1644 2059 orna-

344 2106 499 2134 mentum
515 2111 523 2139 ;
552 2102 666 2133 nullus
685 2111 770 2143 pene
787 2101 880 2132 locus
899 2104 950 2132 est
967 2100 1003 2132 in
1018 2098 1161 2142 Europa
1178 2099 1262 2131 adeo
1279 2099 1479 2135 inaccessus,
1498 2097 1555 2129 ubi
1574 2108 1642 2129 non

347 2173 420 2215 ejus
447 2174 512 2205 viri
542 2174 689 2205 decora:
725 2183 767 2204 ex
792 2172 918 2205 nostris
947 2170 1206 2209 contribulibus,
1232 2170 1402 2204 Patricius
1429 2169 1642 2207 Panetarius,
