1955 2807
751 298 1082 330 EPISCOPORUM
1106 298 1234 328 VITAE.
1608 299 1644 325 *11

345 417 414 449 quo
428 411 461 439 te
474 406 607 439 donabo
621 406 726 440 fueris
745 409 900 451 adeptus,
915 408 1045 441 Christi
1063 408 1220 452 religioni
1239 406 1386 445 consule,
1404 405 1489 438 meis
1508 407 1646 449 templis

340 479 550 511 instauratis.
586 479 762 523 Ingemuit
775 480 886 512 adhuc
899 480 1071 512 dormiens
1082 491 1178 522 puer,
1190 480 1351 522 querulas
1363 489 1461 511 voces
1473 478 1645 516 emittens,

338 560 439 592 quem
452 554 648 593 praeceptor,
657 551 718 592 qui
728 554 803 582 tum
815 551 944 588 aderat,
956 551 1143 583 excitatum
1155 551 1293 594 rogavit
1304 551 1453 583 insolitae
1464 550 1556 583 vocis
1568 561 1647 583 cau-

338 632 411 654 sam
427 631 434 653 :
461 621 544 654 flens
561 622 696 664 puellus
714 622 758 654 ad
775 622 993 664 praeceptoris
1011 621 1126 660 verba,
1144 623 1204 665 qui
1223 622 1315 654 haud
1333 623 1425 654 aliud
1445 634 1483 655 ac
1501 634 1646 666 praecep-

336 698 445 725 torem
460 693 570 725 vereri
584 698 687 736 atque
705 694 741 725 in
760 693 919 727 omnibus
938 694 1173 737 obtemperare
1191 698 1266 726 tum
1284 699 1428 726 noverat
1442 694 1484 726 ob
1500 700 1645 733 aetatem,

336 775 427 808 aegre
436 765 528 807 quod
536 765 631 797 visus
641 764 754 798 fuerat
763 766 888 804 videre,
901 766 1020 798 edicit:
1036 770 1237 808 praeceptor,
1247 770 1286 798 ut
1296 766 1445 808 prudens
1458 770 1531 798 erat
1542 771 1645 808 atque

335 836 580 879 perhumanus,
593 836 712 869 fletum
727 837 894 875 cohibere,
912 842 1023 870 tacere
1042 848 1113 870 rem
1128 837 1228 881 jubet
1246 838 1505 876 adolescentem,
1523 838 1645 871 virtuti

335 919 370 941 se
388 909 479 947 dare,
498 910 534 941 in
553 910 695 942 somniis
714 909 857 942 minime
874 909 1052 947 confidere,
1071 910 1196 942 tacitus
1215 910 1330 941 animo
1349 910 1500 949 volvens,
1520 911 1644 943 tacitus

336 981 554 1013 considerans
572 981 704 1024 aliquid
725 982 835 1013 altum
859 981 1073 1024 sublimeque
1090 981 1126 1013 in
1144 993 1250 1024 puero
1268 981 1457 1014 *Wilhehno
1474 981 1644 1015 futurum.

336 1052 530 1085 Puerilibus
545 1053 667 1085 dehinc
681 1053 780 1085 annis
794 1053 945 1095 quietem
960 1058 993 1085 et
1007 1054 1280 1086 taciturnitatem
1294 1054 1481 1093 adamavit,
1495 1066 1645 1098 praecep-

335 1124 466 1156 toribus
484 1123 780 1167 familiaribusque
797 1123 933 1156 facilem
951 1135 1023 1157 sese
1041 1124 1191 1168 praebuit
1210 1130 1243 1157 et
1261 1125 1504 1168 obsequentem
1521 1137 1530 1165 ;
1560 1128 1644 1159 adeo

334 1200 373 1228 ut
399 1196 500 1228 multi
525 1194 655 1228 futurae
689 1197 894 1229 constantiae
928 1197 1295 1240 magnanimitatisque
1325 1197 1361 1229 in
1392 1208 1431 1230 eo
1462 1199 1646 1231 seminaria

335 1278 535 1312 cognoscere
548 1268 747 1311 inciperent.
774 1267 828 1301 Ita
840 1269 1044 1312 primaevam
1057 1273 1196 1301 aetatem
1210 1269 1389 1301 literarum
1401 1270 1536 1308 studiis,
1548 1275 1645 1303 tanto

334 1345 450 1372 tamen
467 1340 606 1384 ingenio
624 1351 694 1373 non
711 1341 794 1373 satis
813 1341 937 1384 dignis,
964 1341 1186 1383 consumpsit.
1239 1340 1451 1374 Vicesimum
1470 1343 1645 1386 attingens

335 1422 475 1449 annum,
499 1412 542 1443 ad
564 1412 775 1444 dialecticam
799 1416 833 1444 et
856 1412 1034 1455 physicam
1058 1423 1093 1444 se
1117 1413 1285 1445 contulit:
1312 1412 1371 1445 ubi
1396 1414 1644 1457 aliquantisper

336 1489 502 1521 versatus,
520 1484 603 1515 adeo
618 1483 762 1526 profecit
775 1487 815 1516 ut
829 1483 926 1516 brevi
941 1489 1118 1527 superaret
1132 1485 1287 1527 aequales.
1324 1484 1592 1518 Consummatus
1606 1487 1643 1519 in

333 1556 560 1598 philosophia,
578 1556 740 1598 quintum
765 1567 895 1589 annum
915 1567 1020 1599 supra
1045 1557 1245 1589 vicesimum
1274 1568 1390 1602 agens,
1416 1559 1642 1602 magistratus

334 1628 484 1672 insignia
497 1628 532 1659 in
544 1627 740 1660 liberalibus
753 1628 940 1671 disciplinis
954 1628 1171 1671 simulatque
1185 1630 1414 1662 sacerdotium
1426 1635 1476 1662 est
1487 1631 1640 1673 adeptus.

334 1699 530 1732 Distractus
549 1700 639 1731 enim
658 1710 678 1732 a
696 1700 818 1732 studiis
837 1701 969 1743 aliquot
987 1711 1105 1739 annos,
1123 1706 1306 1743 parentum
1325 1713 1394 1734 non
1412 1702 1496 1734 adeo
1513 1707 1552 1734 ut
1570 1713 1642 1735 cor-

333 1772 425 1814 poris
451 1776 533 1804 sunt
560 1782 662 1810 ciu·ae,
689 1772 859 1815 parentali
885 1772 934 1804 rei
959 1771 1121 1805 familiari
1142 1773 1336 1816 praeficitur,
1362 1774 1422 1806 ubi
1448 1775 1639 1808 incredibili

332 1844 524 1886 prudentia,
542 1844 814 1887 dexteritateque
831 1844 998 1882 inaudita,
1024 1845 1179 1877 omnium
1198 1856 1276 1877 cum
1296 1846 1545 1885 benevolentia,
1564 1858 1635 1879 sese

334 1915 450 1959 gessit.
485 1915 646 1948 Ostendit
663 1915 872 1948 lVilhelmus
892 1914 1043 1957 (tametsi
1061 1917 1105 1948 ad
1122 1916 1239 1950 literas
1258 1918 1407 1950 maxime
1425 1923 1526 1951 natus
1546 1919 1638 1951 vide-

334 1987 449 2030 batur)
468 1987 645 2031 ingenium
664 1992 779 2020 tamen
798 1987 862 2020 sibi
880 1988 923 2020 ad
941 1998 1012 2020 rem
1031 1988 1252 2021 domesticam
1271 1994 1304 2022 et
1322 1989 1489 2021 urbanam
1508 2000 1638 2022 accom-

333 2058 534 2098 modatum;
562 2069 725 2102 spemque
751 2059 894 2103 ingessit
917 2059 1035 2091 amicis
1060 2064 1094 2091 et
1118 2060 1321 2093 eruditionis
1345 2066 1378 2093 et
1401 2060 1530 2094 futurae
1556 2073 1637 2105 pru-

333 2132 470 2164 dentiae.
496 2131 585 2163 Rem
599 2131 819 2164 domesticam
835 2131 902 2163 cito
916 2130 1130 2173 vilipendens
1149 2129 1255 2173 (quod
1268 2133 1311 2164 ad
1325 2133 1448 2165 altiora
1465 2134 1633 2177 tenderet)

329 2203 459 2247 gloriae,
486 2203 654 2237 modestia
677 2208 823 2242 servata,
849 2203 1005 2246 cupidus,
1033 2203 1075 2236 ad
1093 2204 1258 2246 pontificii
1280 2206 1371 2249 juris
1391 2207 1545 2240 studium
1564 2218 1635 2240 sese

968 2275 991 2299 F
