1955 2807
752 325 1081 356 EPISCOPORUM
1104 324 1232 355 VITAE.
1606 327 1645 354 55

338 432 492 466 faeturae.
545 433 619 466 Has
638 444 756 467 omnes
775 434 984 466 wilhelmus
1004 434 1144 478 (magno
1161 433 1290 472 labore)
1316 431 1491 464 submovit
1508 432 1645 474 penitus

337 511 440 548 atque
455 506 614 543 extinxit,
629 506 753 538 amotis
768 505 940 537 intestinis
955 505 1189 538 simultatibus
1202 505 1305 537 simul
1320 508 1423 547 atque
1436 504 1643 537 seditionum

337 577 541 610 seminariis.

388 648 463 680 Rex
489 647 648 686 Jacobus,
674 659 783 691 quum
808 659 869 681 nec
895 649 988 681 domi
1012 659 1072 681 nec
1096 647 1179 680 foris
1204 647 1338 680 hostem
1362 648 1514 686 haberet,
1541 650 1583 681 ad
1606 659 1645 681 ea

336 730 415 762 quae
433 720 476 752 ad
500 719 628 762 publici
652 721 821 753 commodi
843 721 1030 753 utilitatem
1050 725 1084 753 et
1110 720 1211 752 decus
1237 719 1447 762 spectabant,
1465 720 1644 752 wilhelmi

335 791 508 833 praecipue
526 802 641 829 suasu,
668 792 793 836 adjecit
815 793 981 824 animum.
1031 791 1217 824 Judicandi
1242 791 1411 823 rationem
1438 791 1570 833 aliquot
1587 802 1647 824 an-

335 874 408 901 noS,
432 864 597 905 temporis
621 864 815 906 iniquitate,
834 865 995 897 omissam
1015 862 1026 905 (
1028 863 1212 908 justitiarii
1238 863 1304 895 iter
1325 863 1462 906 vocant)
1482 863 1645 901 restituit,

334 941 373 967 ut
400 940 565 977 raptores,
584 936 797 978 spoliatores,
822 936 1014 974 homicidae,
1038 939 1252 978 stupratores
1279 939 1516 967 matronarum
1536 935 1646 979 virgi·

334 1017 472 1044 numve,
499 1018 663 1050 agrorum
690 1008 963 1050 depopulatores,
982 1008 1162 1050 caeterique
1188 1006 1445 1049 perturbatores
1467 1008 1585 1049 populi
1610 1012 1643 1040 et

333 1078 479 1120 publicae
497 1079 634 1121 quietis,
647 1079 806 1122 judicum
824 1080 1039 1117 auctoritate,
1058 1079 1118 1122 qui
1137 1078 1179 1111 ob
1197 1078 1261 1110 hoc
1279 1079 1353 1122 ejus
1374 1079 1476 1122 jussu
1497 1090 1643 1123 regnum

335 1149 541 1187 lustrabant,
567 1150 683 1194 dignis
709 1151 886 1193 suppliciis
907 1150 1132 1183 afficerentur.
1183 1150 1341 1192 Denique
1366 1150 1426 1182 ubi
1450 1151 1565 1182 omnia
1586 1161 1645 1193 pa-

332 1225 408 1254 cata
426 1221 645 1259 videbantur,
663 1221 871 1255 factionibus
890 1226 951 1255 aut
969 1221 1128 1255 cohibitis
1153 1227 1213 1254 aut
1231 1222 1368 1264 penitus
1386 1223 1537 1260 semotis,
1554 1221 1644 1254 facto

331 1298 452 1325 senatu
467 1294 713 1336 parliamenteo
732 1293 943 1339 Edinburgi,
958 1295 1132 1327 communi
1149 1295 1304 1327 omnium
1322 1304 1426 1326 sensu
1443 1294 1569 1338 legatio
1587 1295 1644 1326 de-

332 1370 423 1397 creta
437 1365 480 1396 ad
495 1365 775 1398 Maximilianum
788 1366 972 1404 Caesarem,
984 1377 1064 1409 quae
1076 1366 1150 1409 ejus
1162 1366 1267 1398 filiam
1282 1365 1511 1409 Margaritam
1524 1366 1643 1408 depos-

332 1440 431 1468 ceret.
483 1435 653 1478 Cupiebat
671 1436 891 1470 vehementer
912 1438 1107 1470 adolescens
1125 1448 1186 1469 rex
1204 1437 1375 1480 virginem
1393 1447 1468 1469 eam
1486 1448 1642 1476 uxorem,

332 1512 472 1540 auctum
497 1508 540 1540 iri
564 1508 765 1541 existimans
790 1509 920 1553 regiam
938 1510 1097 1553 gloriam,
1123 1509 1152 1541 si
1171 1508 1320 1541 Caesarei
1346 1509 1525 1552 sanguinis
1543 1520 1643 1542 orna-

331 1584 447 1612 mento
477 1579 729 1612 honestaretur.
781 1580 823 1612 In
847 1581 1133 1613 consultationem
1159 1580 1350 1618 deducitur,
1375 1591 1478 1622 quem
1504 1581 1643 1623 potissi-

331 1662 428 1683 mum
447 1651 645 1695 judicarent
671 1652 880 1684 mittendum
903 1653 1067 1696 legatum.
1118 1652 1291 1696 Suffragia
1309 1652 1425 1684 omnia
1442 1653 1478 1684 in
1497 1652 1642 1685 wilhel-

330 1733 427 1755 mum
446 1723 612 1755 recidunt.
644 1723 823 1756 Profectus
842 1735 924 1768 ergo
938 1723 1159 1762 WVilhehnus,
1177 1724 1283 1756 simul
1301 1728 1404 1767 atque
1422 1725 1480 1756 alii
1498 1724 1640 1767 quidam

330 1805 371 1826 ex
389 1796 486 1838 regni
509 1795 698 1838 majoribus
719 1793 857 1838 (quibus
876 1806 954 1828 cum
971 1795 1160 1828 &Vilhelmo
1184 1796 1362 1839 negotium
1387 1800 1460 1828 erat
1483 1796 1642 1828 commis-

330 1868 421 1909 sum)
449 1868 491 1899 ad
518 1867 798 1900 Maximilianum
824 1868 1078 1910 imperatorem,
1104 1878 1177 1900 rem
1204 1866 1400 1910 perfecisset
1426 1865 1639 1910 (quanquam

330 1938 437 1970 ardua
455 1943 528 1970 erat
546 1942 648 1981 atque
667 1939 825 1982 difficilis)
845 1940 881 1972 ni
898 1943 996 1982 pater
1010 1940 1181 1983 virginem
1201 1939 1431 1982 Margaritam
1452 1938 1639 1980 Hispania-

330 2020 407 2041 rum
423 2010 569 2052 principi
583 2010 678 2052 prius
693 2011 940 2052 desponsasset.
965 2010 1013 2042 Et
1025 2021 1068 2042 ne
1081 2010 1168 2042 nihil
1180 2011 1289 2054 egisse
1297 2010 1482 2047 videretur,
1497 2009 1636 2053 longam

331 2081 423 2113 litem
444 2081 533 2113 inter
547 2081 767 2114 Colonienses
785 2085 988 2124 nostrosque
1007 2082 1169 2123 prudenti
1187 2081 1329 2113 consilio
1346 2085 1450 2123 atque
1468 2091 1572 2123 opera
1590 2081 1639 2113 ita

329 2152 478 2189 diremit,
495 2157 535 2186 ut
550 2153 674 2184 veteris
693 2152 872 2185 discordiae
890 2163 932 2184 ne
950 2153 1136 2196 vestigium
1154 2152 1292 2195 quidem
1310 2151 1530 2195 superfuerit.
1565 2151 1636 2184 Sub

329 2224 363 2255 id
383 2228 517 2266 tempus
545 2223 743 2262 Eduardus,
762 2224 844 2256 olim
870 2224 1013 2256 illustris
1032 2223 1229 2267 Anglorum
1256 2224 1346 2268 regis
1370 2222 1528 2256 Eduardi
1546 2222 1637 2256 filius
