<?xml version="1.0" encoding="UTF-8"?>
<!DOCTYPE html PUBLIC "-//W3C//DTD XHTML 1.0 Transitional//EN"
    "http://www.w3.org/TR/xhtml1/DTD/xhtml1-transitional.dtd">
<html xmlns="http://www.w3.org/1999/xhtml" xml:lang="en" lang="en">
 <head>
  <title>
</title>
<meta http-equiv="Content-Type" content="text/html;charset=utf-8" />
  <meta name='ocr-system' content='tesseract 3.04.00' />
  <meta name='ocr-capabilities' content='ocr_page ocr_carea ocr_par ocr_line ocrx_word'/>
</head>
<body>
  <div class='ocr_page' id='page_1' title='image "./hectorisboetiimu00bann_0052.png"; bbox 0 0 1955 2807; ppageno 0'>
   <div class='ocr_carea' id='block_1_1' title="bbox 333 293 1186 323">
    <p class='ocr_par' dir='ltr' id='par_1_1' title="bbox 333 293 1186 323">
     <span class='ocr_line' id='line_1_1' title="bbox 333 293 1186 323; baseline 0 0"><span class='ocrx_word' id='word_1_1' title='bbox 333 296 374 323; x_wconf 78' lang='grc'><strong>34-</strong></span> <span class='ocrx_word' id='word_1_2' title='bbox 789 293 1186 323; x_wconf 85' lang='lat' dir='ltr'><strong>ABERDONENSIUM</strong></span> 
     </span>
    </p>
   </div>
   <div class='ocr_carea' id='block_1_2' title="bbox 320 400 1635 2160">
    <p class='ocr_par' dir='ltr' id='par_1_2' title="bbox 320 400 1635 2160">
     <span class='ocr_line' id='line_1_2' title="bbox 332 400 1632 445; baseline -0.001 -10"><span class='ocrx_word' id='word_1_3' title='bbox 332 412 444 435; x_wconf 90' lang='lat' dir='ltr'><strong>meam</strong></span> <span class='ocrx_word' id='word_1_4' title='bbox 461 402 595 445; x_wconf 88' lang='lat' dir='ltr'>meique</span> <span class='ocrx_word' id='word_1_5' title='bbox 613 401 709 445; x_wconf 89' lang='lat' dir='ltr'><strong>regni</strong></span> <span class='ocrx_word' id='word_1_6' title='bbox 727 401 874 433; x_wconf 89' lang='lat' dir='ltr'><strong>salutem</strong></span> <span class='ocrx_word' id='word_1_7' title='bbox 891 401 1029 439; x_wconf 90' lang='lat' dir='ltr'><strong>credidi,</strong></span> <span class='ocrx_word' id='word_1_8' title='bbox 1047 400 1224 443; x_wconf 88' lang='lat' dir='ltr'><strong>periissem</strong></span> <span class='ocrx_word' id='word_1_9' title='bbox 1242 400 1385 432; x_wconf 85' lang='lat' dir='ltr'><strong>insidiis.</strong></span> <span class='ocrx_word' id='word_1_10' title='bbox 1428 400 1482 433; x_wconf 93' lang='lat' dir='ltr'><strong>Ne</strong></span> <span class='ocrx_word' id='word_1_11' title='bbox 1499 402 1632 434; x_wconf 85' lang='lat' dir='ltr'><strong>mireris</strong></span> 
     </span>
     <span class='ocr_line' id='line_1_3' title="bbox 332 471 1635 515; baseline 0.001 -11"><span class='ocrx_word' id='word_1_12' title='bbox 332 473 456 506; x_wconf 87' lang='lat' dir='ltr'><strong>idcirco</strong></span> <span class='ocrx_word' id='word_1_13' title='bbox 469 474 498 505; x_wconf 90' lang='lat' dir='ltr'><strong>si</strong></span> <span class='ocrx_word' id='word_1_14' title='bbox 513 473 605 505; x_wconf 91' lang='lat' dir='ltr'><strong>hunc</strong></span> <span class='ocrx_word' id='word_1_15' title='bbox 620 471 736 515; x_wconf 90' lang='lat' dir='ltr'><strong>(quem</strong></span> <span class='ocrx_word' id='word_1_16' title='bbox 750 472 922 505; x_wconf 85' lang='lat' dir='ltr'><strong>hostiliter</strong></span> <span class='ocrx_word' id='word_1_17' title='bbox 935 472 1119 515; x_wconf 87' lang='lat' dir='ltr'><strong>aliquando</strong></span> <span class='ocrx_word' id='word_1_18' title='bbox 1137 476 1335 515; x_wconf 87' lang='lat' dir='ltr'><strong>persecutus</strong></span> <span class='ocrx_word' id='word_1_19' title='bbox 1353 472 1445 515; x_wconf 84' lang='lat' dir='ltr'><strong>sum)</strong></span> <span class='ocrx_word' id='word_1_20' title='bbox 1463 482 1554 505; x_wconf 88' lang='lat' dir='ltr'><strong>nunc</strong></span> <span class='ocrx_word' id='word_1_21' title='bbox 1572 474 1635 505; x_wconf 91' lang='lat' dir='ltr'><strong>cle-</strong></span> 
     </span>
     <span class='ocr_line' id='line_1_4' title="bbox 331 543 1635 588; baseline 0 -12"><span class='ocrx_word' id='word_1_22' title='bbox 331 543 735 587; x_wconf 83' lang='lat' dir='ltr'><strong>mentiahortante,quod</strong></span> <span class='ocrx_word' id='word_1_23' title='bbox 741 554 862 588; x_wconf 86' lang='lat' dir='ltr'><strong>regum</strong></span> <span class='ocrx_word' id='word_1_24' title='bbox 869 554 963 576; x_wconf 90' lang='lat' dir='ltr'><strong>more</strong></span> <span class='ocrx_word' id='word_1_25' title='bbox 978 543 1273 588; x_wconf 86' lang='lat' dir='ltr'><strong>adignoscendum</strong></span> <span class='ocrx_word' id='word_1_26' title='bbox 1285 554 1389 586; x_wconf 89' lang='lat' dir='ltr'><strong>quam</strong></span> <span class='ocrx_word' id='word_1_27' title='bbox 1403 543 1635 576; x_wconf 86' lang='lat' dir='ltr'><strong>ulciscendum</strong></span> 
     </span>
     <span class='ocr_line' id='line_1_5' title="bbox 330 614 1633 660; baseline 0 -12"><span class='ocrx_word' id='word_1_28' title='bbox 330 616 530 658; x_wconf 83' lang='lat' dir='ltr'><strong>propensior</strong></span> <span class='ocrx_word' id='word_1_29' title='bbox 554 626 625 648; x_wconf 87' lang='lat' dir='ltr'><strong>esse</strong></span> <span class='ocrx_word' id='word_1_30' title='bbox 651 615 766 653; x_wconf 87' lang='lat' dir='ltr'><strong>debeo,</strong></span> <span class='ocrx_word' id='word_1_31' title='bbox 791 615 974 660; x_wconf 85' lang='lat' dir='ltr'><strong>benignius</strong></span> <span class='ocrx_word' id='word_1_32' title='bbox 1000 616 1195 658; x_wconf 86' lang='lat' dir='ltr'><strong>amplector.</strong></span> <span class='ocrx_word' id='word_1_33' title='bbox 1247 614 1437 647; x_wconf 90' lang='lat' dir='ltr'><strong>Enimvero</strong></span> <span class='ocrx_word' id='word_1_34' title='bbox 1459 615 1540 647; x_wconf 90' lang='lat' dir='ltr'><strong>huic</strong></span> <span class='ocrx_word' id='word_1_35' title='bbox 1558 615 1633 648; x_wconf 87' lang='lat' dir='ltr'><strong>viro</strong></span> 
     </span>
     <span class='ocr_line' id='line_1_6' title="bbox 331 686 1632 725; baseline -0.001 -5"><span class='ocrx_word' id='word_1_36' title='bbox 331 698 400 720; x_wconf 90' lang='lat' dir='ltr'><strong>non</strong></span> <span class='ocrx_word' id='word_1_37' title='bbox 418 688 520 720; x_wconf 92' lang='lat' dir='ltr'><strong>modo</strong></span> <span class='ocrx_word' id='word_1_38' title='bbox 533 698 625 720; x_wconf 91' lang='lat' dir='ltr'><strong>meas</strong></span> <span class='ocrx_word' id='word_1_39' title='bbox 640 687 797 720; x_wconf 87' lang='lat' dir='ltr'><strong>fortunas</strong></span> <span class='ocrx_word' id='word_1_40' title='bbox 816 688 874 720; x_wconf 91' lang='lat' dir='ltr'><strong>sed</strong></span> <span class='ocrx_word' id='word_1_41' title='bbox 892 692 926 720; x_wconf 89' lang='lat' dir='ltr'><strong>et</strong></span> <span class='ocrx_word' id='word_1_42' title='bbox 943 687 1095 719; x_wconf 87' lang='lat' dir='ltr'><strong>animam</strong></span> <span class='ocrx_word' id='word_1_43' title='bbox 1112 686 1227 720; x_wconf 89' lang='lat' dir='ltr'><strong>debeo.</strong></span> <span class='ocrx_word' id='word_1_44' title='bbox 1266 686 1368 724; x_wconf 85' lang='lat' dir='ltr'><strong>Quod</strong></span> <span class='ocrx_word' id='word_1_45' title='bbox 1385 687 1428 719; x_wconf 88' lang='lat' dir='ltr'><strong>ad</strong></span> <span class='ocrx_word' id='word_1_46' title='bbox 1446 691 1479 719; x_wconf 90' lang='lat' dir='ltr'><strong>te</strong></span> <span class='ocrx_word' id='word_1_47' title='bbox 1497 687 1632 725; x_wconf 84' lang='lat' dir='ltr'><strong>attinet,</strong></span> 
     </span>
     <span class='ocr_line' id='line_1_7' title="bbox 332 757 1633 802; baseline -0.001 -11"><span class='ocrx_word' id='word_1_48' title='bbox 332 759 430 801; x_wconf 88' lang='lat' dir='ltr'><strong>paria</strong></span> <span class='ocrx_word' id='word_1_49' title='bbox 447 759 515 791; x_wconf 87' lang='lat' dir='ltr'><strong>tuis</strong></span> <span class='ocrx_word' id='word_1_50' title='bbox 533 759 665 791; x_wconf 88' lang='lat' dir='ltr'><strong>meritis</strong></span> <span class='ocrx_word' id='word_1_51' title='bbox 683 769 759 791; x_wconf 88' lang='lat' dir='ltr'><strong>mea</strong></span> <span class='ocrx_word' id='word_1_52' title='bbox 776 769 838 801; x_wconf 88' lang='lat' dir='ltr'><strong>pro</strong></span> <span class='ocrx_word' id='word_1_53' title='bbox 856 759 1025 802; x_wconf 86' lang='lat' dir='ltr'><strong>dignitate</strong></span> <span class='ocrx_word' id='word_1_54' title='bbox 1042 758 1192 800; x_wconf 88' lang='lat' dir='ltr'><strong>recipies.</strong></span> <span class='ocrx_word' id='word_1_55' title='bbox 1235 757 1284 790; x_wconf 90' lang='lat' dir='ltr'><strong>Et</strong></span> <span class='ocrx_word' id='word_1_56' title='bbox 1302 758 1416 790; x_wconf 91' lang='lat' dir='ltr'><strong>virum</strong></span> <span class='ocrx_word' id='word_1_57' title='bbox 1433 758 1633 791; x_wconf 88' lang='lat' dir='ltr'><strong>muneribus</strong></span> 
     </span>
     <span class='ocr_line' id='line_1_8' title="bbox 329 828 1631 874; baseline -0.001 -11"><span class='ocrx_word' id='word_1_58' title='bbox 329 830 494 863; x_wconf 80' lang='lat' dir='ltr'><strong>donatum</strong></span> <span class='ocrx_word' id='word_1_59' title='bbox 518 830 697 874; x_wconf 86' lang='lat' dir='ltr'><strong>magnifice</strong></span> <span class='ocrx_word' id='word_1_60' title='bbox 718 830 858 862; x_wconf 90' lang='lat' dir='ltr'><strong>dimisit.</strong></span> <span class='ocrx_word' id='word_1_61' title='bbox 884 828 1124 861; x_wconf 83' lang='lat' dir='ltr'><strong>Alexandrum</strong></span> <span class='ocrx_word' id='word_1_62' title='bbox 1141 830 1262 862; x_wconf 91' lang='lat' dir='ltr'><strong>ducem</strong></span> <span class='ocrx_word' id='word_1_63' title='bbox 1280 835 1314 862; x_wconf 89' lang='lat' dir='ltr'><strong>et</strong></span> <span class='ocrx_word' id='word_1_64' title='bbox 1331 829 1504 862; x_wconf 89' lang='lat' dir='ltr'><strong>Thomam</strong></span> <span class='ocrx_word' id='word_1_65' title='bbox 1521 830 1631 862; x_wconf 89' lang='lat' dir='ltr'><strong>voluit</strong></span> 
     </span>
     <span class='ocr_line' id='line_1_9' title="bbox 330 900 1631 947; baseline -0.001 -13"><span class='ocrx_word' id='word_1_66' title='bbox 330 902 425 945; x_wconf 88' lang='lat' dir='ltr'><strong>regio</strong></span> <span class='ocrx_word' id='word_1_67' title='bbox 443 906 555 934; x_wconf 87' lang='lat' dir='ltr'><strong>essent</strong></span> <span class='ocrx_word' id='word_1_68' title='bbox 572 901 732 947; x_wconf 79' lang='lat' dir='ltr'><strong>hospitio,</strong></span> <span class='ocrx_word' id='word_1_69' title='bbox 750 900 912 943; x_wconf 89' lang='lat' dir='ltr'><strong>omnique</strong></span> <span class='ocrx_word' id='word_1_70' title='bbox 929 900 1156 933; x_wconf 85' lang='lat' dir='ltr'><strong>humanitatis</strong></span> <span class='ocrx_word' id='word_1_71' title='bbox 1174 904 1208 933; x_wconf 88' lang='lat' dir='ltr'><strong>et</strong></span> <span class='ocrx_word' id='word_1_72' title='bbox 1225 900 1364 933; x_wconf 86' lang='lat' dir='ltr'><strong>honoris</strong></span> <span class='ocrx_word' id='word_1_73' title='bbox 1382 911 1505 944; x_wconf 85' lang='lat' dir='ltr'><strong>genere</strong></span> <span class='ocrx_word' id='word_1_74' title='bbox 1523 911 1543 933; x_wconf 88' lang='lat' dir='ltr'><strong>a</strong></span> <span class='ocrx_word' id='word_1_75' title='bbox 1561 902 1631 933; x_wconf 90' lang='lat' dir='ltr'><strong>suis</strong></span> 
     </span>
     <span class='ocr_line' id='line_1_10' title="bbox 328 970 1632 1015; baseline 0 -11"><span class='ocrx_word' id='word_1_76' title='bbox 328 972 563 1005; x_wconf 87' lang='lat' dir='ltr'><strong>afficerentur:</strong></span> <span class='ocrx_word' id='word_1_77' title='bbox 592 972 682 1005; x_wconf 84' lang='lat' dir='ltr'><strong>facto</strong></span> <span class='ocrx_word' id='word_1_78' title='bbox 706 973 784 1005; x_wconf 92' lang='lat' dir='ltr'><strong>inde</strong></span> <span class='ocrx_word' id='word_1_79' title='bbox 810 973 941 1015; x_wconf 84' lang='lat' dir='ltr'><strong>aliquot</strong></span> <span class='ocrx_word' id='word_1_80' title='bbox 966 976 1044 1015; x_wconf 84' lang='lat' dir='ltr'><strong>post</strong></span> <span class='ocrx_word' id='word_1_81' title='bbox 1069 982 1202 1005; x_wconf 89' lang='lat' dir='ltr'><strong>menses</strong></span> <span class='ocrx_word' id='word_1_82' title='bbox 1229 975 1351 1004; x_wconf 88' lang='lat' dir='ltr'><strong>senatu</strong></span> <span class='ocrx_word' id='word_1_83' title='bbox 1377 970 1483 1014; x_wconf 86' lang='lat' dir='ltr'><strong>(quod</strong></span> <span class='ocrx_word' id='word_1_84' title='bbox 1508 972 1632 1014; x_wconf 87' lang='lat' dir='ltr'><strong>parlia-</strong></span> 
     </span>
     <span class='ocr_line' id='line_1_11' title="bbox 327 1042 1630 1088; baseline 0 -12"><span class='ocrx_word' id='word_1_85' title='bbox 327 1049 483 1076; x_wconf 85' lang='lat' dir='ltr'><strong>mentum</strong></span> <span class='ocrx_word' id='word_1_86' title='bbox 503 1045 640 1087; x_wconf 86' lang='lat' dir='ltr'><strong>vocant)</strong></span> <span class='ocrx_word' id='word_1_87' title='bbox 659 1043 821 1082; x_wconf 91' lang='lat' dir='ltr'><strong>Londini,</strong></span> <span class='ocrx_word' id='word_1_88' title='bbox 839 1042 1035 1087; x_wconf 85' lang='lat' dir='ltr'><strong>Anglorum</strong></span> <span class='ocrx_word' id='word_1_89' title='bbox 1054 1044 1242 1088; x_wconf 87' lang='lat' dir='ltr'><strong>majoribus</strong></span> <span class='ocrx_word' id='word_1_90' title='bbox 1263 1043 1474 1081; x_wconf 84' lang='lat' dir='ltr'><strong>coeuntibus,</strong></span> <span class='ocrx_word' id='word_1_91' title='bbox 1498 1048 1630 1086; x_wconf 85' lang='lat' dir='ltr'><strong>postea-</strong></span> 
     </span>
     <span class='ocr_line' id='line_1_12' title="bbox 329 1115 1628 1159; baseline -0.001 -11"><span class='ocrx_word' id='word_1_92' title='bbox 329 1127 433 1159; x_wconf 85' lang='lat' dir='ltr'><strong>quam</strong></span> <span class='ocrx_word' id='word_1_93' title='bbox 451 1117 493 1148; x_wconf 91' lang='lat' dir='ltr'><strong>de</strong></span> <span class='ocrx_word' id='word_1_94' title='bbox 517 1117 633 1149; x_wconf 85' lang='lat' dir='ltr'><strong>arduis</strong></span> <span class='ocrx_word' id='word_1_95' title='bbox 659 1115 856 1158; x_wconf 79' lang='lat' dir='ltr'><strong>reipublicae</strong></span> <span class='ocrx_word' id='word_1_96' title='bbox 875 1115 1021 1159; x_wconf 86' lang='lat' dir='ltr'><strong>negotiis</strong></span> <span class='ocrx_word' id='word_1_97' title='bbox 1039 1120 1113 1148; x_wconf 87' lang='lat' dir='ltr'><strong>erat</strong></span> <span class='ocrx_word' id='word_1_98' title='bbox 1129 1116 1372 1153; x_wconf 70' lang='lat' dir='ltr'><strong>consultattun,</strong></span> <span class='ocrx_word' id='word_1_99' title='bbox 1390 1115 1575 1148; x_wconf 88' lang='lat' dir='ltr'><strong>deductum</strong></span> <span class='ocrx_word' id='word_1_100' title='bbox 1593 1115 1628 1147; x_wconf 90' lang='lat' dir='ltr'><strong>in</strong></span> 
     </span>
     <span class='ocr_line' id='line_1_13' title="bbox 329 1185 1629 1221; baseline -0.001 -2"><span class='ocrx_word' id='word_1_101' title='bbox 329 1189 615 1221; x_wconf 82' lang='lat' dir='ltr'><strong>consultationem</strong></span> <span class='ocrx_word' id='word_1_102' title='bbox 632 1186 837 1220; x_wconf 87' lang='lat' dir='ltr'><strong>Albaniaene</strong></span> <span class='ocrx_word' id='word_1_103' title='bbox 855 1187 933 1219; x_wconf 87' lang='lat' dir='ltr'><strong>duci</strong></span> <span class='ocrx_word' id='word_1_104' title='bbox 950 1187 987 1219; x_wconf 88' lang='lat' dir='ltr'><strong>in</strong></span> <span class='ocrx_word' id='word_1_105' title='bbox 1005 1186 1155 1219; x_wconf 86' lang='lat' dir='ltr'><strong>Scotiam</strong></span> <span class='ocrx_word' id='word_1_106' title='bbox 1171 1186 1336 1219; x_wconf 83' lang='lat' dir='ltr'><strong>redeundi</strong></span> <span class='ocrx_word' id='word_1_107' title='bbox 1353 1186 1458 1219; x_wconf 91' lang='lat' dir='ltr'><strong>libere</strong></span> <span class='ocrx_word' id='word_1_108' title='bbox 1475 1185 1629 1219; x_wconf 86' lang='lat' dir='ltr'><strong>facienda</strong></span> 
     </span>
     <span class='ocr_line' id='line_1_14' title="bbox 328 1257 1627 1303; baseline -0.002 -11"><span class='ocrx_word' id='word_1_109' title='bbox 328 1264 489 1301; x_wconf 89' lang='lat' dir='ltr'><strong>potestas,</strong></span> <span class='ocrx_word' id='word_1_110' title='bbox 507 1270 551 1292; x_wconf 85' lang='lat' dir='ltr'><strong>an</strong></span> <span class='ocrx_word' id='word_1_111' title='bbox 569 1270 671 1302; x_wconf 88' lang='lat' dir='ltr'><strong>penes</strong></span> <span class='ocrx_word' id='word_1_112' title='bbox 691 1258 835 1303; x_wconf 88' lang='lat' dir='ltr'><strong>Anglos‚</strong></span> <span class='ocrx_word' id='word_1_113' title='bbox 854 1258 1017 1291; x_wconf 87' lang='lat' dir='ltr'><strong>adhibitis</strong></span> <span class='ocrx_word' id='word_1_114' title='bbox 1035 1258 1243 1296; x_wconf 86' lang='lat' dir='ltr'><strong>custodibus,</strong></span> <span class='ocrx_word' id='word_1_115' title='bbox 1262 1258 1497 1290; x_wconf 90' lang='lat' dir='ltr'><strong>continendus.</strong></span> <span class='ocrx_word' id='word_1_116' title='bbox 1541 1257 1627 1290; x_wconf 89' lang='lat' dir='ltr'><strong>Cen-</strong></span> 
     </span>
     <span class='ocr_line' id='line_1_15' title="bbox 329 1328 1627 1373; baseline -0.002 -10"><span class='ocrx_word' id='word_1_117' title='bbox 329 1341 426 1363; x_wconf 89' lang='lat' dir='ltr'><strong>suere</strong></span> <span class='ocrx_word' id='word_1_118' title='bbox 449 1331 607 1363; x_wconf 89' lang='lat' dir='ltr'><strong>nonnulli</strong></span> <span class='ocrx_word' id='word_1_119' title='bbox 625 1331 800 1373; x_wconf 85' lang='lat' dir='ltr'><strong>captivum</strong></span> <span class='ocrx_word' id='word_1_120' title='bbox 827 1330 1074 1363; x_wconf 87' lang='lat' dir='ltr'><strong>adolescentem</strong></span> <span class='ocrx_word' id='word_1_121' title='bbox 1091 1329 1128 1362; x_wconf 87' lang='lat' dir='ltr'><strong>in</strong></span> <span class='ocrx_word' id='word_1_122' title='bbox 1145 1328 1276 1373; x_wconf 83' lang='lat' dir='ltr'><strong>Anglia</strong></span> <span class='ocrx_word' id='word_1_123' title='bbox 1296 1329 1551 1367; x_wconf 86' lang='lat' dir='ltr'><strong>continendum,</strong></span> <span class='ocrx_word' id='word_1_124' title='bbox 1569 1329 1627 1361; x_wconf 90' lang='lat' dir='ltr'><strong>do-</strong></span> 
     </span>
     <span class='ocr_line' id='line_1_16' title="bbox 328 1400 1628 1445; baseline -0.002 -11"><span class='ocrx_word' id='word_1_125' title='bbox 328 1412 391 1434; x_wconf 87' lang='lat' dir='ltr'><strong>nec</strong></span> <span class='ocrx_word' id='word_1_126' title='bbox 416 1402 555 1445; x_wconf 84' lang='lat' dir='ltr'><strong>injuriae</strong></span> <span class='ocrx_word' id='word_1_127' title='bbox 581 1412 709 1440; x_wconf 82' lang='lat' dir='ltr'><strong>omneS,</strong></span> <span class='ocrx_word' id='word_1_128' title='bbox 736 1400 997 1434; x_wconf 84' lang='lat' dir='ltr'><strong>Northumbriis</strong></span> <span class='ocrx_word' id='word_1_129' title='bbox 1023 1400 1204 1433; x_wconf 88' lang='lat' dir='ltr'><strong>Scotorum</strong></span> <span class='ocrx_word' id='word_1_130' title='bbox 1227 1400 1353 1433; x_wconf 86' lang='lat' dir='ltr'><strong>crebris</strong></span> <span class='ocrx_word' id='word_1_131' title='bbox 1376 1400 1628 1432; x_wconf 89' lang='lat' dir='ltr'><strong>incursionibus</strong></span> 
     </span>
     <span class='ocr_line' id='line_1_17' title="bbox 329 1471 1628 1516; baseline -0.002 -10"><span class='ocrx_word' id='word_1_132' title='bbox 329 1474 444 1512; x_wconf 68' lang='lat' dir='ltr'><strong>illatae,</strong></span> <span class='ocrx_word' id='word_1_133' title='bbox 470 1477 726 1516; x_wconf 87' lang='lat' dir='ltr'><strong>repararentur,</strong></span> <span class='ocrx_word' id='word_1_134' title='bbox 753 1472 928 1505; x_wconf 90' lang='lat' dir='ltr'><strong>obsidibus</strong></span> <span class='ocrx_word' id='word_1_135' title='bbox 953 1472 1042 1504; x_wconf 89' lang='lat' dir='ltr'><strong>datis</strong></span> <span class='ocrx_word' id='word_1_136' title='bbox 1069 1472 1110 1504; x_wconf 88' lang='lat' dir='ltr'><strong>de</strong></span> <span class='ocrx_word' id='word_1_137' title='bbox 1135 1471 1234 1504; x_wconf 89' lang='lat' dir='ltr'><strong>novis</strong></span> <span class='ocrx_word' id='word_1_138' title='bbox 1258 1471 1415 1514; x_wconf 88' lang='lat' dir='ltr'><strong>deinceps</strong></span> <span class='ocrx_word' id='word_1_139' title='bbox 1445 1482 1515 1504; x_wconf 90' lang='lat' dir='ltr'><strong>non</strong></span> <span class='ocrx_word' id='word_1_140' title='bbox 1543 1471 1628 1504; x_wconf 82' lang='lat' dir='ltr'><strong>infe-</strong></span> 
     </span>
     <span class='ocr_line' id='line_1_18' title="bbox 328 1543 1624 1588; baseline -0.002 -11"><span class='ocrx_word' id='word_1_141' title='bbox 328 1545 459 1584; x_wconf 86' lang='lat' dir='ltr'><strong>rendis;</strong></span> <span class='ocrx_word' id='word_1_142' title='bbox 476 1545 669 1588; x_wconf 85' lang='lat' dir='ltr'><strong>praesertim</strong></span> <span class='ocrx_word' id='word_1_143' title='bbox 680 1545 772 1588; x_wconf 90' lang='lat' dir='ltr'><strong>quod</strong></span> <span class='ocrx_word' id='word_1_144' title='bbox 786 1543 1047 1576; x_wconf 90' lang='lat' dir='ltr'><strong>Northumbriis</strong></span> <span class='ocrx_word' id='word_1_145' title='bbox 1061 1554 1172 1586; x_wconf 91' lang='lat' dir='ltr'><strong>nuper</strong></span> <span class='ocrx_word' id='word_1_146' title='bbox 1184 1543 1359 1587; x_wconf 88' lang='lat' dir='ltr'><strong>ingentem</strong></span> <span class='ocrx_word' id='word_1_147' title='bbox 1374 1543 1538 1585; x_wconf 81' lang='lat' dir='ltr'><strong>praedam,</strong></span> <span class='ocrx_word' id='word_1_148' title='bbox 1552 1548 1624 1576; x_wconf 87' lang='lat' dir='ltr'><strong>tum</strong></span> 
     </span>
     <span class='ocr_line' id='line_1_19' title="bbox 327 1612 1625 1659; baseline -0.002 -10"><span class='ocrx_word' id='word_1_149' title='bbox 327 1617 518 1655; x_wconf 90' lang='lat' dir='ltr'><strong>hominum,</strong></span> <span class='ocrx_word' id='word_1_150' title='bbox 544 1621 618 1649; x_wconf 88' lang='lat' dir='ltr'><strong>tum</strong></span> <span class='ocrx_word' id='word_1_151' title='bbox 642 1616 783 1659; x_wconf 80' lang='lat' dir='ltr'><strong>pecoriS,</strong></span> <span class='ocrx_word' id='word_1_152' title='bbox 809 1616 901 1659; x_wconf 86' lang='lat' dir='ltr'><strong>agris</strong></span> <span class='ocrx_word' id='word_1_153' title='bbox 927 1615 1093 1653; x_wconf 84' lang='lat' dir='ltr'><strong>abactam,</strong></span> <span class='ocrx_word' id='word_1_154' title='bbox 1120 1614 1220 1647; x_wconf 89' lang='lat' dir='ltr'><strong>Scoto</strong></span> <span class='ocrx_word' id='word_1_155' title='bbox 1245 1614 1436 1658; x_wconf 85' lang='lat' dir='ltr'><strong>guardiano</strong></span> <span class='ocrx_word' id='word_1_156' title='bbox 1464 1612 1525 1654; x_wconf 88' lang='lat' dir='ltr'><strong>(sic</strong></span> <span class='ocrx_word' id='word_1_157' title='bbox 1548 1625 1625 1647; x_wconf 88' lang='lat' dir='ltr'><strong>eum</strong></span> 
     </span>
     <span class='ocr_line' id='line_1_20' title="bbox 326 1686 1627 1732; baseline -0.003 -11"><span class='ocrx_word' id='word_1_158' title='bbox 326 1693 450 1721; x_wconf 87' lang='lat' dir='ltr'><strong>vocant</strong></span> <span class='ocrx_word' id='word_1_159' title='bbox 466 1689 724 1732; x_wconf 87' lang='lat' dir='ltr'><strong>magistratum)</strong></span> <span class='ocrx_word' id='word_1_160' title='bbox 751 1687 887 1731; x_wconf 79' lang='lat' dir='ltr'><strong>quaesti,</strong></span> <span class='ocrx_word' id='word_1_161' title='bbox 909 1688 958 1720; x_wconf 91' lang='lat' dir='ltr'><strong>nil</strong></span> <span class='ocrx_word' id='word_1_162' title='bbox 981 1687 1075 1719; x_wconf 92' lang='lat' dir='ltr'><strong>aliud</strong></span> <span class='ocrx_word' id='word_1_163' title='bbox 1092 1697 1197 1729; x_wconf 88' lang='lat' dir='ltr'><strong>quam</strong></span> <span class='ocrx_word' id='word_1_164' title='bbox 1220 1695 1421 1728; x_wconf 86' lang='lat' dir='ltr'><strong>responsum</strong></span> <span class='ocrx_word' id='word_1_165' title='bbox 1445 1686 1534 1718; x_wconf 89' lang='lat' dir='ltr'><strong>risus</strong></span> <span class='ocrx_word' id='word_1_166' title='bbox 1557 1686 1627 1729; x_wconf 86' lang='lat' dir='ltr'><strong>ple-</strong></span> 
     </span>
     <span class='ocr_line' id='line_1_21' title="bbox 325 1756 1626 1803; baseline -0.003 -11"><span class='ocrx_word' id='word_1_167' title='bbox 325 1770 409 1792; x_wconf 91' lang='lat' dir='ltr'><strong>num</strong></span> <span class='ocrx_word' id='word_1_168' title='bbox 436 1771 601 1802; x_wconf 86' lang='lat' dir='ltr'><strong>recepere,</strong></span> <span class='ocrx_word' id='word_1_169' title='bbox 628 1761 719 1803; x_wconf 90' lang='lat' dir='ltr'><strong>ipsos</strong></span> <span class='ocrx_word' id='word_1_170' title='bbox 748 1760 785 1792; x_wconf 90' lang='lat' dir='ltr'><strong>in</strong></span> <span class='ocrx_word' id='word_1_171' title='bbox 809 1758 999 1802; x_wconf 86' lang='lat' dir='ltr'><strong>pecoribus,</strong></span> <span class='ocrx_word' id='word_1_172' title='bbox 1025 1769 1101 1801; x_wconf 90' lang='lat' dir='ltr'><strong>quae</strong></span> <span class='ocrx_word' id='word_1_173' title='bbox 1130 1757 1228 1790; x_wconf 88' lang='lat' dir='ltr'><strong>facile</strong></span> <span class='ocrx_word' id='word_1_174' title='bbox 1255 1757 1339 1790; x_wconf 87' lang='lat' dir='ltr'><strong>adeo</strong></span> <span class='ocrx_word' id='word_1_175' title='bbox 1366 1756 1523 1789; x_wconf 88' lang='lat' dir='ltr'><strong>aberrare</strong></span> <span class='ocrx_word' id='word_1_176' title='bbox 1550 1767 1626 1799; x_wconf 87' lang='lat' dir='ltr'><strong>pos-</strong></span> 
     </span>
     <span class='ocr_line' id='line_1_22' title="bbox 325 1828 1626 1874; baseline -0.002 -11"><span class='ocrx_word' id='word_1_177' title='bbox 325 1835 411 1870; x_wconf 90' lang='lat' dir='ltr'><strong>sent,</strong></span> <span class='ocrx_word' id='word_1_178' title='bbox 429 1842 525 1874; x_wconf 91' lang='lat' dir='ltr'><strong>spem</strong></span> <span class='ocrx_word' id='word_1_179' title='bbox 542 1831 686 1863; x_wconf 86' lang='lat' dir='ltr'><strong>nimiam</strong></span> <span class='ocrx_word' id='word_1_180' title='bbox 704 1832 884 1864; x_wconf 88' lang='lat' dir='ltr'><strong>collocasse</strong></span> <span class='ocrx_word' id='word_1_181' title='bbox 899 1841 908 1869; x_wconf 89' lang='lat'>;</span> <span class='ocrx_word' id='word_1_182' title='bbox 935 1830 1117 1863; x_wconf 82' lang='lat' dir='ltr'><strong>astutiores</strong></span> <span class='ocrx_word' id='word_1_183' title='bbox 1134 1828 1218 1868; x_wconf 87' lang='lat' dir='ltr'><strong>fore,</strong></span> <span class='ocrx_word' id='word_1_184' title='bbox 1235 1829 1264 1861; x_wconf 87' lang='lat' dir='ltr'><strong>si</strong></span> <span class='ocrx_word' id='word_1_185' title='bbox 1288 1829 1436 1861; x_wconf 88' lang='lat' dir='ltr'><strong>colendis</strong></span> <span class='ocrx_word' id='word_1_186' title='bbox 1458 1829 1561 1872; x_wconf 86' lang='lat' dir='ltr'><strong>agris,</strong></span> <span class='ocrx_word' id='word_1_187' title='bbox 1583 1828 1626 1860; x_wconf 94' lang='lat' dir='ltr'><strong>ob</strong></span> 
     </span>
     <span class='ocr_line' id='line_1_23' title="bbox 323 1900 1624 1945; baseline -0.002 -10"><span class='ocrx_word' id='word_1_188' title='bbox 323 1904 466 1936; x_wconf 89' lang='lat' dir='ltr'><strong>nimiam</strong></span> <span class='ocrx_word' id='word_1_189' title='bbox 492 1902 601 1935; x_wconf 87' lang='lat' dir='ltr'><strong>Scotis</strong></span> <span class='ocrx_word' id='word_1_190' title='bbox 627 1903 840 1935; x_wconf 86' lang='lat' dir='ltr'><strong>vicinitatem</strong></span> <span class='ocrx_word' id='word_1_191' title='bbox 868 1902 1017 1940; x_wconf 87' lang='lat' dir='ltr'><strong>incultis,</strong></span> <span class='ocrx_word' id='word_1_192' title='bbox 1047 1902 1107 1944; x_wconf 92' lang='lat' dir='ltr'><strong>qui</strong></span> <span class='ocrx_word' id='word_1_193' title='bbox 1136 1900 1234 1933; x_wconf 87' lang='lat' dir='ltr'><strong>facile</strong></span> <span class='ocrx_word' id='word_1_194' title='bbox 1260 1900 1353 1945; x_wconf 85' lang='lat' dir='ltr'><strong>abigi</strong></span> <span class='ocrx_word' id='word_1_195' title='bbox 1379 1911 1449 1933; x_wconf 89' lang='lat' dir='ltr'><strong>non</strong></span> <span class='ocrx_word' id='word_1_196' title='bbox 1475 1905 1624 1943; x_wconf 86' lang='lat' dir='ltr'><strong>possent,</strong></span> 
     </span>
     <span class='ocr_line' id='line_1_24' title="bbox 323 1972 1622 2017; baseline -0.002 -10"><span class='ocrx_word' id='word_1_197' title='bbox 323 1985 461 2017; x_wconf 83' lang='lat' dir='ltr'><strong>operam</strong></span> <span class='ocrx_word' id='word_1_198' title='bbox 488 1975 734 2017; x_wconf 85' lang='lat' dir='ltr'><strong>impenderent.</strong></span> <span class='ocrx_word' id='word_1_199' title='bbox 773 1973 958 2012; x_wconf 86' lang='lat' dir='ltr'><strong>Addidere,</strong></span> <span class='ocrx_word' id='word_1_200' title='bbox 984 1973 1113 2011; x_wconf 87' lang='lat' dir='ltr'><strong>Scotos,</strong></span> <span class='ocrx_word' id='word_1_201' title='bbox 1138 1973 1222 2005; x_wconf 91' lang='lat' dir='ltr'><strong>dum</strong></span> <span class='ocrx_word' id='word_1_202' title='bbox 1239 1972 1399 2005; x_wconf 84' lang='lat' dir='ltr'><strong>Albaniae</strong></span> <span class='ocrx_word' id='word_1_203' title='bbox 1425 1972 1497 2005; x_wconf 81' lang='lat' dir='ltr'><strong>dux</strong></span> <span class='ocrx_word' id='word_1_204' title='bbox 1520 1983 1622 2015; x_wconf 90' lang='lat' dir='ltr'><strong>penes</strong></span> 
     </span>
     <span class='ocr_line' id='line_1_25' title="bbox 322 2043 1621 2090; baseline -0.002 -13"><span class='ocrx_word' id='word_1_205' title='bbox 322 2045 455 2090; x_wconf 84' lang='lat' dir='ltr'><strong>Anglos</strong></span> <span class='ocrx_word' id='word_1_206' title='bbox 479 2050 577 2084; x_wconf 87' lang='lat' dir='ltr'><strong>esset,</strong></span> <span class='ocrx_word' id='word_1_207' title='bbox 601 2046 796 2088; x_wconf 87' lang='lat' dir='ltr'><strong>eruptiones</strong></span> <span class='ocrx_word' id='word_1_208' title='bbox 814 2044 924 2078; x_wconf 87' lang='lat' dir='ltr'><strong>facere</strong></span> <span class='ocrx_word' id='word_1_209' title='bbox 948 2045 983 2077; x_wconf 90' lang='lat' dir='ltr'><strong>in</strong></span> <span class='ocrx_word' id='word_1_210' title='bbox 1002 2043 1283 2083; x_wconf 89' lang='lat' dir='ltr'><strong>Northumbrios,</strong></span> <span class='ocrx_word' id='word_1_211' title='bbox 1303 2043 1538 2081; x_wconf 87' lang='lat' dir='ltr'><strong>Cumbriosve,</strong></span> <span class='ocrx_word' id='word_1_212' title='bbox 1561 2048 1621 2076; x_wconf 89' lang='lat' dir='ltr'><strong>aut</strong></span> 
     </span>
     <span class='ocr_line' id='line_1_26' title="bbox 320 2115 1621 2160; baseline -0.002 -12"><span class='ocrx_word' id='word_1_213' title='bbox 320 2118 513 2157; x_wconf 87' lang='lat' dir='ltr'><strong>pecuariam</strong></span> <span class='ocrx_word' id='word_1_214' title='bbox 535 2118 613 2150; x_wconf 90' lang='lat' dir='ltr'><strong>inde</strong></span> <span class='ocrx_word' id='word_1_215' title='bbox 636 2127 709 2150; x_wconf 86' lang='lat' dir='ltr'><strong>rem</strong></span> <span class='ocrx_word' id='word_1_216' title='bbox 727 2116 862 2160; x_wconf 84' lang='lat' dir='ltr'><strong>abigere</strong></span> <span class='ocrx_word' id='word_1_217' title='bbox 886 2127 956 2149; x_wconf 89' lang='lat' dir='ltr'><strong>non</strong></span> <span class='ocrx_word' id='word_1_218' title='bbox 978 2127 1144 2149; x_wconf 90' lang='lat' dir='ltr'><strong>ausuros:</strong></span> <span class='ocrx_word' id='word_1_219' title='bbox 1172 2126 1211 2148; x_wconf 91' lang='lat' dir='ltr'><strong>eo</strong></span> <span class='ocrx_word' id='word_1_220' title='bbox 1236 2126 1317 2148; x_wconf 88' lang='lat' dir='ltr'><strong>vero</strong></span> <span class='ocrx_word' id='word_1_221' title='bbox 1341 2116 1394 2148; x_wconf 90' lang='lat' dir='ltr'><strong>vel</strong></span> <span class='ocrx_word' id='word_1_222' title='bbox 1415 2115 1547 2158; x_wconf 85' lang='lat' dir='ltr'><strong>ingenti</strong></span> <span class='ocrx_word' id='word_1_223' title='bbox 1565 2125 1621 2156; x_wconf 91' lang='lat' dir='ltr'><strong>pe-</strong></span> 
     </span>
    </p>
   </div>
   <div class='ocr_carea' id='block_1_3' title="bbox 320 2186 1621 2231">
    <p class='ocr_par' dir='ltr' id='par_1_3' title="bbox 320 2186 1621 2231">
     <span class='ocr_line' id='line_1_27' title="bbox 320 2186 1621 2231; baseline 0 -13"><span class='ocrx_word' id='word_1_224' title='bbox 320 2188 420 2219; x_wconf 76' lang='lat' dir='ltr'><strong>cunia</strong></span> <span class='ocrx_word' id='word_1_225' title='bbox 437 2188 612 2231; x_wconf 87' lang='lat' dir='ltr'><strong>redempto</strong></span> <span class='ocrx_word' id='word_1_226' title='bbox 630 2193 664 2221; x_wconf 88' lang='lat' dir='ltr'><strong>et</strong></span> <span class='ocrx_word' id='word_1_227' title='bbox 681 2189 717 2221; x_wconf 88' lang='lat' dir='ltr'><strong>in</strong></span> <span class='ocrx_word' id='word_1_228' title='bbox 734 2188 883 2231; x_wconf 88' lang='lat' dir='ltr'><strong>patriam</strong></span> <span class='ocrx_word' id='word_1_229' title='bbox 897 2188 1047 2225; x_wconf 88' lang='lat' dir='ltr'><strong>reducto,</strong></span> <span class='ocrx_word' id='word_1_230' title='bbox 1065 2188 1171 2220; x_wconf 91' lang='lat' dir='ltr'><strong>donec</strong></span> <span class='ocrx_word' id='word_1_231' title='bbox 1188 2187 1315 2220; x_wconf 86' lang='lat' dir='ltr'><strong>abactis</strong></span> <span class='ocrx_word' id='word_1_232' title='bbox 1333 2197 1374 2219; x_wconf 83' lang='lat' dir='ltr'><strong>ex</strong></span> <span class='ocrx_word' id='word_1_233' title='bbox 1388 2186 1517 2230; x_wconf 86' lang='lat' dir='ltr'><strong>Anglia</strong></span> <span class='ocrx_word' id='word_1_234' title='bbox 1534 2196 1621 2228; x_wconf 80' lang='lat' dir='ltr'><strong>prae-</strong></span> 
     </span>
    </p>
   </div>
  </div>
 </body>
</html>
