<?xml version="1.0" encoding="UTF-8"?>
<!DOCTYPE html PUBLIC "-//W3C//DTD XHTML 1.0 Transitional//EN"
    "http://www.w3.org/TR/xhtml1/DTD/xhtml1-transitional.dtd">
<html xmlns="http://www.w3.org/1999/xhtml" xml:lang="en" lang="en">
 <head>
  <title>
</title>
<meta http-equiv="Content-Type" content="text/html;charset=utf-8" />
  <meta name='ocr-system' content='tesseract 3.04.00' />
  <meta name='ocr-capabilities' content='ocr_page ocr_carea ocr_par ocr_line ocrx_word'/>
</head>
<body>
  <div class='ocr_page' id='page_1' title='image "./hectorisboetiimu00bann_0048.png"; bbox 0 0 1955 2807; ppageno 0'>
   <div class='ocr_carea' id='block_1_1' title="bbox 344 330 1191 363">
    <p class='ocr_par' dir='ltr' id='par_1_1' title="bbox 344 330 1191 363">
     <span class='ocr_line' id='line_1_1' title="bbox 344 330 1191 363; baseline 0 -1"><span class='ocrx_word' id='word_1_1' title='bbox 344 335 385 363; x_wconf 85' lang='lat'>30</span> <span class='ocrx_word' id='word_1_2' title='bbox 798 330 1191 362; x_wconf 87' lang='lat' dir='ltr'><strong>ABERDONENSIUM</strong></span> 
     </span>
    </p>
   </div>
   <div class='ocr_carea' id='block_1_2' title="bbox 334 439 1647 2204">
    <p class='ocr_par' dir='ltr' id='par_1_2' title="bbox 334 439 1647 2204">
     <span class='ocr_line' id='line_1_2' title="bbox 348 439 1647 487; baseline 0.002 -14"><span class='ocrx_word' id='word_1_3' title='bbox 348 441 495 486; x_wconf 84' lang='lat' dir='ltr'>injuriis,</span> <span class='ocrx_word' id='word_1_4' title='bbox 514 440 639 473; x_wconf 83' lang='lat' dir='ltr'>nostris</span> <span class='ocrx_word' id='word_1_5' title='bbox 657 439 926 473; x_wconf 85' lang='lat' dir='ltr'>Flandrinorum</span> <span class='ocrx_word' id='word_1_6' title='bbox 943 442 1134 484; x_wconf 81' lang='lat' dir='ltr'>piratarum</span> <span class='ocrx_word' id='word_1_7' title='bbox 1152 441 1286 474; x_wconf 82' lang='lat' dir='ltr'>insidiis</span> <span class='ocrx_word' id='word_1_8' title='bbox 1305 442 1419 480; x_wconf 79' lang='lat' dir='ltr'>illatis,</span> <span class='ocrx_word' id='word_1_9' title='bbox 1436 443 1477 474; x_wconf 92' lang='lat' dir='ltr'>de</span> <span class='ocrx_word' id='word_1_10' title='bbox 1494 443 1647 487; x_wconf 84' lang='lat' dir='ltr'>negotia-</span> 
     </span>
     <span class='ocr_line' id='line_1_3' title="bbox 350 511 1646 557; baseline 0 -11"><span class='ocrx_word' id='word_1_11' title='bbox 350 518 463 546; x_wconf 86' lang='lat' dir='ltr'>torum</span> <span class='ocrx_word' id='word_1_12' title='bbox 483 512 661 544; x_wconf 85' lang='lat' dir='ltr'>Scotorum</span> <span class='ocrx_word' id='word_1_13' title='bbox 680 511 818 557; x_wconf 87' lang='lat' dir='ltr'>Brugas</span> <span class='ocrx_word' id='word_1_14' title='bbox 846 511 895 554; x_wconf 87' lang='lat' dir='ltr'>(id</span> <span class='ocrx_word' id='word_1_15' title='bbox 921 514 1112 556; x_wconf 86' lang='lat' dir='ltr'>emporium</span> <span class='ocrx_word' id='word_1_16' title='bbox 1138 518 1189 546; x_wconf 88' lang='lat' dir='ltr'>est</span> <span class='ocrx_word' id='word_1_17' title='bbox 1211 514 1249 545; x_wconf 88' lang='lat' dir='ltr'>in</span> <span class='ocrx_word' id='word_1_18' title='bbox 1272 513 1449 557; x_wconf 79' lang='lat' dir='ltr'>Flandria)</span> <span class='ocrx_word' id='word_1_19' title='bbox 1476 513 1646 547; x_wconf 88' lang='lat' dir='ltr'>confluen-</span> 
     </span>
     <span class='ocr_line' id='line_1_4' title="bbox 347 585 1647 629; baseline 0.002 -13"><span class='ocrx_word' id='word_1_20' title='bbox 347 585 435 617; x_wconf 85' lang='lat' dir='ltr'>tium</span> <span class='ocrx_word' id='word_1_21' title='bbox 452 585 682 622; x_wconf 84' lang='lat' dir='ltr'>immunitate,</span> <span class='ocrx_word' id='word_1_22' title='bbox 700 589 734 616; x_wconf 90' lang='lat' dir='ltr'>et</span> <span class='ocrx_word' id='word_1_23' title='bbox 752 585 994 627; x_wconf 85' lang='lat' dir='ltr'>portoriorum,</span> <span class='ocrx_word' id='word_1_24' title='bbox 1012 585 1137 628; x_wconf 88' lang='lat' dir='ltr'>quibus</span> <span class='ocrx_word' id='word_1_25' title='bbox 1155 585 1301 617; x_wconf 87' lang='lat' dir='ltr'>nimium</span> <span class='ocrx_word' id='word_1_26' title='bbox 1314 585 1560 629; x_wconf 81' lang='lat' dir='ltr'>gravabantur,</span> <span class='ocrx_word' id='word_1_27' title='bbox 1574 597 1647 619; x_wconf 91' lang='lat' dir='ltr'>mo-</span> 
     </span>
     <span class='ocr_line' id='line_1_5' title="bbox 347 657 1644 701; baseline 0.002 -13"><span class='ocrx_word' id='word_1_28' title='bbox 347 657 532 695; x_wconf 80' lang='lat' dir='ltr'>deratione,</span> <span class='ocrx_word' id='word_1_29' title='bbox 543 657 687 699; x_wconf 88' lang='lat' dir='ltr'>aliisque</span> <span class='ocrx_word' id='word_1_30' title='bbox 701 657 816 689; x_wconf 84' lang='lat' dir='ltr'>arduis</span> <span class='ocrx_word' id='word_1_31' title='bbox 830 657 988 700; x_wconf 85' lang='lat' dir='ltr'>negotiis,</span> <span class='ocrx_word' id='word_1_32' title='bbox 1004 661 1044 689; x_wconf 90' lang='lat' dir='ltr'>ut</span> <span class='ocrx_word' id='word_1_33' title='bbox 1064 668 1105 689; x_wconf 89' lang='lat' dir='ltr'>ex</span> <span class='ocrx_word' id='word_1_34' title='bbox 1123 657 1213 701; x_wconf 86' lang='lat' dir='ltr'>regis</span> <span class='ocrx_word' id='word_1_35' title='bbox 1228 657 1371 690; x_wconf 88' lang='lat' dir='ltr'>arbitrio</span> <span class='ocrx_word' id='word_1_36' title='bbox 1384 657 1504 690; x_wconf 89' lang='lat' dir='ltr'>fierent</span> <span class='ocrx_word' id='word_1_37' title='bbox 1518 658 1644 696; x_wconf 88' lang='lat' dir='ltr'>omnia,</span> 
     </span>
     <span class='ocr_line' id='line_1_6' title="bbox 344 727 1644 771; baseline 0.002 -11"><span class='ocrx_word' id='word_1_38' title='bbox 344 729 442 761; x_wconf 85' lang='lat' dir='ltr'>facile</span> <span class='ocrx_word' id='word_1_39' title='bbox 460 729 551 771; x_wconf 88' lang='lat' dir='ltr'>apud</span> <span class='ocrx_word' id='word_1_40' title='bbox 569 729 688 760; x_wconf 89' lang='lat' dir='ltr'>ducem</span> <span class='ocrx_word' id='word_1_41' title='bbox 707 727 866 761; x_wconf 86' lang='lat' dir='ltr'>obtinuit.</span> <span class='ocrx_word' id='word_1_42' title='bbox 918 728 1002 760; x_wconf 90' lang='lat' dir='ltr'>Inde</span> <span class='ocrx_word' id='word_1_43' title='bbox 1022 728 1123 761; x_wconf 87' lang='lat' dir='ltr'>rebus</span> <span class='ocrx_word' id='word_1_44' title='bbox 1141 728 1285 761; x_wconf 83' lang='lat' dir='ltr'>feliciter</span> <span class='ocrx_word' id='word_1_45' title='bbox 1303 730 1421 771; x_wconf 84' lang='lat' dir='ltr'>pactis,</span> <span class='ocrx_word' id='word_1_46' title='bbox 1445 729 1644 762; x_wconf 89' lang='lat' dir='ltr'>muneribus</span> 
     </span>
     <span class='ocr_line' id='line_1_7' title="bbox 343 798 1645 844; baseline 0.001 -12"><span class='ocrx_word' id='word_1_47' title='bbox 343 800 437 832; x_wconf 89' lang='lat' dir='ltr'>haud</span> <span class='ocrx_word' id='word_1_48' title='bbox 454 800 570 842; x_wconf 82' lang='lat' dir='ltr'>parvis</span> <span class='ocrx_word' id='word_1_49' title='bbox 588 801 734 832; x_wconf 82' lang='lat' dir='ltr'>donatus</span> <span class='ocrx_word' id='word_1_50' title='bbox 753 811 773 832; x_wconf 86' lang='lat' dir='ltr'>a</span> <span class='ocrx_word' id='word_1_51' title='bbox 789 800 873 831; x_wconf 86' lang='lat' dir='ltr'>duce</span> <span class='ocrx_word' id='word_1_52' title='bbox 892 799 1015 831; x_wconf 88' lang='lat' dir='ltr'>Carolo</span> <span class='ocrx_word' id='word_1_53' title='bbox 1040 798 1113 842; x_wconf 88' lang='lat' dir='ltr'>(qui</span> <span class='ocrx_word' id='word_1_54' title='bbox 1134 804 1217 831; x_wconf 89' lang='lat' dir='ltr'>tunc</span> <span class='ocrx_word' id='word_1_55' title='bbox 1236 799 1395 832; x_wconf 88' lang='lat' dir='ltr'>Gandavi</span> <span class='ocrx_word' id='word_1_56' title='bbox 1417 802 1503 844; x_wconf 87' lang='lat' dir='ltr'>erat)</span> <span class='ocrx_word' id='word_1_57' title='bbox 1525 802 1645 833; x_wconf 87' lang='lat' dir='ltr'>dimis-</span> 
     </span>
     <span class='ocr_line' id='line_1_8' title="bbox 347 871 1645 915; baseline 0.001 -11"><span class='ocrx_word' id='word_1_58' title='bbox 347 882 416 909; x_wconf 71' lang='lat'>8118,</span> <span class='ocrx_word' id='word_1_59' title='bbox 444 871 581 915; x_wconf 82' lang='lat' dir='ltr'>Brugas</span> <span class='ocrx_word' id='word_1_60' title='bbox 609 882 644 903; x_wconf 88' lang='lat' dir='ltr'>se</span> <span class='ocrx_word' id='word_1_61' title='bbox 671 871 827 909; x_wconf 83' lang='lat' dir='ltr'>contulit,</span> <span class='ocrx_word' id='word_1_62' title='bbox 855 871 890 902; x_wconf 89' lang='lat' dir='ltr'>in</span> <span class='ocrx_word' id='word_1_63' title='bbox 918 871 1065 913; x_wconf 85' lang='lat' dir='ltr'>patriam</span> <span class='ocrx_word' id='word_1_64' title='bbox 1092 871 1170 902; x_wconf 88' lang='lat' dir='ltr'>inde</span> <span class='ocrx_word' id='word_1_65' title='bbox 1197 871 1416 915; x_wconf 89' lang='lat' dir='ltr'>trajecturus.</span> <span class='ocrx_word' id='word_1_66' title='bbox 1467 871 1520 905; x_wconf 91' lang='lat' dir='ltr'>Ibi</span> <span class='ocrx_word' id='word_1_67' title='bbox 1549 883 1645 905; x_wconf 85' lang='lat' dir='ltr'>casus</span> 
     </span>
     <span class='ocr_line' id='line_1_9' title="bbox 347 941 1644 985; baseline 0.002 -11"><span class='ocrx_word' id='word_1_68' title='bbox 347 942 493 974; x_wconf 74' lang='lat' dir='ltr'>Thomae</span> <span class='ocrx_word' id='word_1_69' title='bbox 512 942 637 974; x_wconf 88' lang='lat' dir='ltr'>obtulit</span> <span class='ocrx_word' id='word_1_70' title='bbox 654 941 812 974; x_wconf 89' lang='lat' dir='ltr'>Eduardi</span> <span class='ocrx_word' id='word_1_71' title='bbox 835 942 900 974; x_wconf 85' lang='lat' dir='ltr'>sibi</span> <span class='ocrx_word' id='word_1_72' title='bbox 926 942 1166 974; x_wconf 88' lang='lat' dir='ltr'>reconciliandi</span> <span class='ocrx_word' id='word_1_73' title='bbox 1189 943 1399 985; x_wconf 82' lang='lat' dir='ltr'>insperatam</span> <span class='ocrx_word' id='word_1_74' title='bbox 1423 944 1644 976; x_wconf 82' lang='lat' dir='ltr'>occasionem.</span> 
     </span>
     <span class='ocr_line' id='line_1_10' title="bbox 343 1012 1645 1058; baseline 0.002 -12"><span class='ocrx_word' id='word_1_75' title='bbox 343 1014 444 1046; x_wconf 80' lang='lat' dir='ltr'>Datae</span> <span class='ocrx_word' id='word_1_76' title='bbox 463 1015 554 1046; x_wconf 88' lang='lat' dir='ltr'>enim</span> <span class='ocrx_word' id='word_1_77' title='bbox 580 1014 690 1046; x_wconf 85' lang='lat' dir='ltr'>literae</span> <span class='ocrx_word' id='word_1_78' title='bbox 717 1025 736 1046; x_wconf 90' lang='lat' dir='ltr'>a</span> <span class='ocrx_word' id='word_1_79' title='bbox 761 1014 895 1046; x_wconf 89' lang='lat' dir='ltr'>duobus</span> <span class='ocrx_word' id='word_1_80' title='bbox 921 1013 1079 1046; x_wconf 84' lang='lat' dir='ltr'>Eduardi</span> <span class='ocrx_word' id='word_1_81' title='bbox 1106 1014 1224 1046; x_wconf 80' lang='lat' dir='ltr'>aulicis</span> <span class='ocrx_word' id='word_1_82' title='bbox 1244 1012 1342 1057; x_wconf 89' lang='lat' dir='ltr'>(quos</span> <span class='ocrx_word' id='word_1_83' title='bbox 1364 1016 1538 1047; x_wconf 82' lang='lat' dir='ltr'>secretiori</span> <span class='ocrx_word' id='word_1_84' title='bbox 1556 1026 1645 1058; x_wconf 89' lang='lat' dir='ltr'>prae-</span> 
     </span>
     <span class='ocr_line' id='line_1_11' title="bbox 344 1084 1644 1130; baseline 0.001 -12"><span class='ocrx_word' id='word_1_85' title='bbox 344 1086 470 1118; x_wconf 83' lang='lat' dir='ltr'>fecerat</span> <span class='ocrx_word' id='word_1_86' title='bbox 488 1085 657 1125; x_wconf 81' lang='lat' dir='ltr'>cubiculo)</span> <span class='ocrx_word' id='word_1_87' title='bbox 676 1086 720 1118; x_wconf 85' lang='lat' dir='ltr'>ad</span> <span class='ocrx_word' id='word_1_88' title='bbox 740 1086 870 1118; x_wconf 90' lang='lat' dir='ltr'>nobiles</span> <span class='ocrx_word' id='word_1_89' title='bbox 891 1086 1058 1129; x_wconf 82' lang='lat' dir='ltr'>quosdam</span> <span class='ocrx_word' id='word_1_90' title='bbox 1075 1084 1210 1130; x_wconf 85' lang='lat' dir='ltr'>Anglos</span> <span class='ocrx_word' id='word_1_91' title='bbox 1234 1086 1277 1119; x_wconf 93' lang='lat' dir='ltr'>ob</span> <span class='ocrx_word' id='word_1_92' title='bbox 1300 1087 1491 1130; x_wconf 85' lang='lat' dir='ltr'>majestatis</span> <span class='ocrx_word' id='word_1_93' title='bbox 1515 1088 1644 1120; x_wconf 86' lang='lat' dir='ltr'>crimen</span> 
     </span>
     <span class='ocr_line' id='line_1_12' title="bbox 344 1155 1645 1202; baseline 0.002 -13"><span class='ocrx_word' id='word_1_94' title='bbox 344 1157 562 1200; x_wconf 78' lang='lat' dir='ltr'>proscriptos,</span> <span class='ocrx_word' id='word_1_95' title='bbox 597 1158 656 1200; x_wconf 89' lang='lat' dir='ltr'>qui</span> <span class='ocrx_word' id='word_1_96' title='bbox 690 1162 765 1190; x_wconf 89' lang='lat' dir='ltr'>tum</span> <span class='ocrx_word' id='word_1_97' title='bbox 792 1157 921 1202; x_wconf 84' lang='lat' dir='ltr'>Brugis</span> <span class='ocrx_word' id='word_1_98' title='bbox 957 1157 1142 1190; x_wconf 81' lang='lat' dir='ltr'>exulabant</span> <span class='ocrx_word' id='word_1_99' title='bbox 1177 1155 1359 1199; x_wconf 87' lang='lat' dir='ltr'>(incertum</span> <span class='ocrx_word' id='word_1_100' title='bbox 1390 1159 1574 1201; x_wconf 89' lang='lat' dir='ltr'>quomodo)</span> <span class='ocrx_word' id='word_1_101' title='bbox 1609 1160 1645 1191; x_wconf 86' lang='lat' dir='ltr'>in</span> 
     </span>
     <span class='ocr_line' id='line_1_13' title="bbox 343 1228 1645 1274; baseline 0.001 -13"><span class='ocrx_word' id='word_1_102' title='bbox 343 1228 490 1261; x_wconf 86' lang='lat' dir='ltr'>Thomae</span> <span class='ocrx_word' id='word_1_103' title='bbox 508 1240 629 1261; x_wconf 88' lang='lat' dir='ltr'>manus</span> <span class='ocrx_word' id='word_1_104' title='bbox 647 1240 842 1272; x_wconf 83' lang='lat' dir='ltr'>pervenere.</span> <span class='ocrx_word' id='word_1_105' title='bbox 893 1229 1125 1262; x_wconf 84' lang='lat' dir='ltr'>Continebant</span> <span class='ocrx_word' id='word_1_106' title='bbox 1142 1230 1263 1268; x_wconf 84' lang='lat' dir='ltr'>literae,</span> <span class='ocrx_word' id='word_1_107' title='bbox 1288 1230 1426 1268; x_wconf 83' lang='lat' dir='ltr'>aulicos,</span> <span class='ocrx_word' id='word_1_108' title='bbox 1450 1231 1645 1274; x_wconf 88' lang='lat' dir='ltr'>conjurato-</span> 
     </span>
     <span class='ocr_line' id='line_1_14' title="bbox 343 1300 1644 1346; baseline 0.001 -13"><span class='ocrx_word' id='word_1_109' title='bbox 343 1311 421 1333; x_wconf 91' lang='lat' dir='ltr'>rum</span> <span class='ocrx_word' id='word_1_110' title='bbox 440 1302 656 1344; x_wconf 85' lang='lat' dir='ltr'>quorundam</span> <span class='ocrx_word' id='word_1_111' title='bbox 675 1312 790 1339; x_wconf 88' lang='lat' dir='ltr'>suasu,</span> <span class='ocrx_word' id='word_1_112' title='bbox 816 1302 996 1334; x_wconf 87' lang='lat' dir='ltr'>consilium</span> <span class='ocrx_word' id='word_1_113' title='bbox 1018 1302 1135 1334; x_wconf 87' lang='lat' dir='ltr'>iniisse</span> <span class='ocrx_word' id='word_1_114' title='bbox 1152 1301 1310 1334; x_wconf 87' lang='lat' dir='ltr'>Eduardi</span> <span class='ocrx_word' id='word_1_115' title='bbox 1334 1302 1425 1346; x_wconf 83' lang='lat' dir='ltr'>regis</span> <span class='ocrx_word' id='word_1_116' title='bbox 1449 1306 1553 1334; x_wconf 88' lang='lat' dir='ltr'>noctu</span> <span class='ocrx_word' id='word_1_117' title='bbox 1578 1300 1644 1341; x_wconf 89' lang='lat' dir='ltr'>(ac-</span> 
     </span>
     <span class='ocr_line' id='line_1_15' title="bbox 346 1371 1646 1417; baseline 0.001 -13"><span class='ocrx_word' id='word_1_118' title='bbox 346 1376 443 1414; x_wconf 90' lang='lat' dir='ltr'>cepto</span> <span class='ocrx_word' id='word_1_119' title='bbox 461 1373 618 1416; x_wconf 80' lang='lat' dir='ltr'>praemio)</span> <span class='ocrx_word' id='word_1_120' title='bbox 638 1373 865 1405; x_wconf 83' lang='lat' dir='ltr'>obtruncandi</span> <span class='ocrx_word' id='word_1_121' title='bbox 881 1383 889 1404; x_wconf 77' lang='lat' dir='ltr'><em>z</em></span> <span class='ocrx_word' id='word_1_122' title='bbox 906 1373 979 1405; x_wconf 88' lang='lat' dir='ltr'>fore</span> <span class='ocrx_word' id='word_1_123' title='bbox 996 1377 1177 1416; x_wconf 78' lang='lat' dir='ltr'>propterea</span> <span class='ocrx_word' id='word_1_124' title='bbox 1193 1378 1234 1406; x_wconf 84' lang='lat' dir='ltr'>ut</span> <span class='ocrx_word' id='word_1_125' title='bbox 1257 1371 1418 1416; x_wconf 89' lang='lat' dir='ltr'>(tyranno</span> <span class='ocrx_word' id='word_1_126' title='bbox 1436 1373 1584 1417; x_wconf 88' lang='lat' dir='ltr'>sublato)</span> <span class='ocrx_word' id='word_1_127' title='bbox 1603 1374 1646 1406; x_wconf 89' lang='lat' dir='ltr'>ab</span> 
     </span>
     <span class='ocr_line' id='line_1_16' title="bbox 342 1444 1642 1489; baseline 0.001 -13"><span class='ocrx_word' id='word_1_128' title='bbox 342 1445 444 1476; x_wconf 84' lang='lat' dir='ltr'>exilio</span> <span class='ocrx_word' id='word_1_129' title='bbox 473 1445 670 1487; x_wconf 85' lang='lat' dir='ltr'>propediem</span> <span class='ocrx_word' id='word_1_130' title='bbox 697 1445 734 1477; x_wconf 91' lang='lat' dir='ltr'>in</span> <span class='ocrx_word' id='word_1_131' title='bbox 760 1445 910 1487; x_wconf 85' lang='lat' dir='ltr'>patriam</span> <span class='ocrx_word' id='word_1_132' title='bbox 935 1445 1189 1477; x_wconf 88' lang='lat' dir='ltr'>reducerentur.</span> <span class='ocrx_word' id='word_1_133' title='bbox 1241 1444 1405 1483; x_wconf 89' lang='lat' dir='ltr'>Thomas,</span> <span class='ocrx_word' id='word_1_134' title='bbox 1431 1456 1467 1477; x_wconf 89' lang='lat' dir='ltr'>re</span> <span class='ocrx_word' id='word_1_135' title='bbox 1493 1446 1642 1489; x_wconf 86' lang='lat' dir='ltr'>cognita,</span> 
     </span>
     <span class='ocr_line' id='line_1_17' title="bbox 345 1515 1644 1560; baseline 0 -12"><span class='ocrx_word' id='word_1_136' title='bbox 345 1516 604 1560; x_wconf 81' lang='lat' dir='ltr'>conjuratorum</span> <span class='ocrx_word' id='word_1_137' title='bbox 631 1516 795 1559; x_wconf 80' lang='lat' dir='ltr'>injuriam</span> <span class='ocrx_word' id='word_1_138' title='bbox 818 1517 1006 1548; x_wconf 83' lang='lat' dir='ltr'>detestatus</span> <span class='ocrx_word' id='word_1_139' title='bbox 1033 1517 1123 1548; x_wconf 88' lang='lat' dir='ltr'>illico</span> <span class='ocrx_word' id='word_1_140' title='bbox 1140 1515 1305 1560; x_wconf 88' lang='lat' dir='ltr'>Angliam</span> <span class='ocrx_word' id='word_1_141' title='bbox 1323 1517 1421 1558; x_wconf 86' lang='lat' dir='ltr'>petit,</span> <span class='ocrx_word' id='word_1_142' title='bbox 1439 1516 1644 1549; x_wconf 87' lang='lat' dir='ltr'>Eduardum</span> 
     </span>
     <span class='ocr_line' id='line_1_18' title="bbox 341 1586 1644 1631; baseline 0.001 -11"><span class='ocrx_word' id='word_1_143' title='bbox 341 1592 381 1620; x_wconf 91' lang='lat' dir='ltr'>ut</span> <span class='ocrx_word' id='word_1_144' title='bbox 407 1588 548 1620; x_wconf 83' lang='lat' dir='ltr'>insidias</span> <span class='ocrx_word' id='word_1_145' title='bbox 575 1592 709 1619; x_wconf 83' lang='lat' dir='ltr'>caveret</span> <span class='ocrx_word' id='word_1_146' title='bbox 729 1588 934 1619; x_wconf 85' lang='lat' dir='ltr'>moniturus.</span> <span class='ocrx_word' id='word_1_147' title='bbox 987 1586 1060 1625; x_wconf 84' lang='lat' dir='ltr'>Qui</span> <span class='ocrx_word' id='word_1_148' title='bbox 1088 1587 1147 1619; x_wconf 91' lang='lat' dir='ltr'>ubi</span> <span class='ocrx_word' id='word_1_149' title='bbox 1169 1588 1206 1619; x_wconf 87' lang='lat' dir='ltr'>in</span> <span class='ocrx_word' id='word_1_150' title='bbox 1227 1587 1347 1619; x_wconf 86' lang='lat' dir='ltr'>offensi</span> <span class='ocrx_word' id='word_1_151' title='bbox 1373 1588 1464 1631; x_wconf 85' lang='lat' dir='ltr'>regis</span> <span class='ocrx_word' id='word_1_152' title='bbox 1487 1599 1644 1631; x_wconf 84' lang='lat' dir='ltr'>conspec-</span> 
     </span>
     <span class='ocr_line' id='line_1_19' title="bbox 341 1658 1643 1703; baseline 0 -11"><span class='ocrx_word' id='word_1_153' title='bbox 341 1665 415 1692; x_wconf 86' lang='lat' dir='ltr'>tum</span> <span class='ocrx_word' id='word_1_154' title='bbox 430 1660 614 1702; x_wconf 83' lang='lat' dir='ltr'>prodierat,</span> <span class='ocrx_word' id='word_1_155' title='bbox 625 1659 761 1691; x_wconf 87' lang='lat' dir='ltr'>traditis</span> <span class='ocrx_word' id='word_1_156' title='bbox 774 1659 894 1697; x_wconf 83' lang='lat' dir='ltr'>literis,</span> <span class='ocrx_word' id='word_1_157' title='bbox 907 1658 996 1690; x_wconf 89' lang='lat' dir='ltr'>Cum</span> <span class='ocrx_word' id='word_1_158' title='bbox 1008 1658 1106 1696; x_wconf 82' lang='lat' dir='ltr'>hanc,</span> <span class='ocrx_word' id='word_1_159' title='bbox 1120 1659 1243 1701; x_wconf 83' lang='lat' dir='ltr'>inquit,</span> <span class='ocrx_word' id='word_1_160' title='bbox 1258 1658 1435 1700; x_wconf 86' lang='lat' dir='ltr'>epistolam</span> <span class='ocrx_word' id='word_1_161' title='bbox 1449 1660 1643 1703; x_wconf 82' lang='lat' dir='ltr'>perlegeris,</span> 
     </span>
     <span class='ocr_line' id='line_1_20' title="bbox 343 1729 1644 1774; baseline 0 -11"><span class='ocrx_word' id='word_1_162' title='bbox 343 1732 470 1773; x_wconf 86' lang='lat' dir='ltr'>optime</span> <span class='ocrx_word' id='word_1_163' title='bbox 484 1742 555 1769; x_wconf 81' lang='lat' dir='ltr'>rex,</span> <span class='ocrx_word' id='word_1_164' title='bbox 570 1741 750 1774; x_wconf 82' lang='lat' dir='ltr'>cognosces</span> <span class='ocrx_word' id='word_1_165' title='bbox 764 1734 797 1763; x_wconf 89' lang='lat' dir='ltr'>te</span> <span class='ocrx_word' id='word_1_166' title='bbox 810 1730 909 1762; x_wconf 90' lang='lat' dir='ltr'>bonis</span> <span class='ocrx_word' id='word_1_167' title='bbox 926 1734 959 1762; x_wconf 86' lang='lat' dir='ltr'>et</span> <span class='ocrx_word' id='word_1_168' title='bbox 977 1730 1094 1762; x_wconf 86' lang='lat' dir='ltr'>amicis</span> <span class='ocrx_word' id='word_1_169' title='bbox 1109 1729 1293 1768; x_wconf 87' lang='lat' dir='ltr'>infensum,</span> <span class='ocrx_word' id='word_1_170' title='bbox 1310 1729 1410 1762; x_wconf 86' lang='lat' dir='ltr'>malis</span> <span class='ocrx_word' id='word_1_171' title='bbox 1425 1740 1505 1762; x_wconf 88' lang='lat' dir='ltr'>vero</span> <span class='ocrx_word' id='word_1_172' title='bbox 1520 1735 1553 1762; x_wconf 90' lang='lat' dir='ltr'>et</span> <span class='ocrx_word' id='word_1_173' title='bbox 1567 1731 1644 1763; x_wconf 82' lang='lat' dir='ltr'>hos-</span> 
     </span>
     <span class='ocr_line' id='line_1_21' title="bbox 342 1801 1644 1845; baseline 0.001 -11"><span class='ocrx_word' id='word_1_174' title='bbox 342 1802 433 1835; x_wconf 87' lang='lat' dir='ltr'>tibus</span> <span class='ocrx_word' id='word_1_175' title='bbox 448 1802 624 1834; x_wconf 83' lang='lat' dir='ltr'>confidere.</span> <span class='ocrx_word' id='word_1_176' title='bbox 655 1802 878 1834; x_wconf 89' lang='lat' dir='ltr'>Proditorum</span> <span class='ocrx_word' id='word_1_177' title='bbox 896 1802 932 1834; x_wconf 91' lang='lat' dir='ltr'>in</span> <span class='ocrx_word' id='word_1_178' title='bbox 950 1806 983 1834; x_wconf 90' lang='lat' dir='ltr'>te</span> <span class='ocrx_word' id='word_1_179' title='bbox 1001 1802 1163 1845; x_wconf 86' lang='lat' dir='ltr'>injuriam</span> <span class='ocrx_word' id='word_1_180' title='bbox 1180 1801 1267 1833; x_wconf 91' lang='lat' dir='ltr'>nihil</span> <span class='ocrx_word' id='word_1_181' title='bbox 1280 1801 1409 1839; x_wconf 86' lang='lat' dir='ltr'>incuso,</span> <span class='ocrx_word' id='word_1_182' title='bbox 1428 1802 1519 1844; x_wconf 90' lang='lat' dir='ltr'>quod</span> <span class='ocrx_word' id='word_1_183' title='bbox 1538 1806 1572 1835; x_wconf 87' lang='lat' dir='ltr'>et</span> <span class='ocrx_word' id='word_1_184' title='bbox 1589 1803 1644 1835; x_wconf 84' lang='lat' dir='ltr'>lex</span> 
     </span>
     <span class='ocr_line' id='line_1_22' title="bbox 334 1859 1642 1917; baseline 0.001 -11"><span class='ocrx_word' id='word_1_185' title='bbox 334 1859 509 1906; x_wconf 37' lang='lat' dir='ltr'>&#39;sacerdoti</span> <span class='ocrx_word' id='word_1_186' title='bbox 523 1877 617 1906; x_wconf 83' lang='lat' dir='ltr'>vetat</span> <span class='ocrx_word' id='word_1_187' title='bbox 630 1883 638 1912; x_wconf 91' lang='grc'><strong>;</strong></span> <span class='ocrx_word' id='word_1_188' title='bbox 658 1874 717 1905; x_wconf 88' lang='lat' dir='ltr'>sed</span> <span class='ocrx_word' id='word_1_189' title='bbox 730 1884 805 1905; x_wconf 90' lang='lat' dir='ltr'>eam</span> <span class='ocrx_word' id='word_1_190' title='bbox 819 1873 882 1905; x_wconf 90' lang='lat' dir='ltr'>tibi</span> <span class='ocrx_word' id='word_1_191' title='bbox 896 1873 1089 1917; x_wconf 84' lang='lat' dir='ltr'>significare</span> <span class='ocrx_word' id='word_1_192' title='bbox 1103 1873 1208 1911; x_wconf 81' lang='lat' dir='ltr'>volui,</span> <span class='ocrx_word' id='word_1_193' title='bbox 1226 1873 1352 1905; x_wconf 86' lang='lat' dir='ltr'>invicte</span> <span class='ocrx_word' id='word_1_194' title='bbox 1365 1883 1436 1911; x_wconf 85' lang='lat' dir='ltr'>rex,</span> <span class='ocrx_word' id='word_1_195' title='bbox 1452 1884 1494 1905; x_wconf 89' lang='lat' dir='ltr'>ne</span> <span class='ocrx_word' id='word_1_196' title='bbox 1508 1873 1596 1906; x_wconf 90' lang='lat' dir='ltr'>bello</span> <span class='ocrx_word' id='word_1_197' title='bbox 1609 1879 1642 1907; x_wconf 85' lang='lat' dir='ltr'>et</span> 
     </span>
     <span class='ocr_line' id='line_1_23' title="bbox 341 1945 1641 1989; baseline 0 -11"><span class='ocrx_word' id='word_1_198' title='bbox 341 1945 442 1978; x_wconf 87' lang='lat' dir='ltr'>rebus</span> <span class='ocrx_word' id='word_1_199' title='bbox 463 1945 569 1989; x_wconf 86' lang='lat' dir='ltr'>gestis</span> <span class='ocrx_word' id='word_1_200' title='bbox 587 1945 745 1989; x_wconf 85' lang='lat' dir='ltr'>egregius</span> <span class='ocrx_word' id='word_1_201' title='bbox 763 1945 857 1983; x_wconf 87' lang='lat' dir='ltr'>adeo,</span> <span class='ocrx_word' id='word_1_202' title='bbox 879 1955 948 1976; x_wconf 91' lang='lat' dir='ltr'>non</span> <span class='ocrx_word' id='word_1_203' title='bbox 966 1945 1096 1977; x_wconf 86' lang='lat' dir='ltr'>virtute</span> <span class='ocrx_word' id='word_1_204' title='bbox 1117 1945 1175 1977; x_wconf 88' lang='lat' dir='ltr'>sed</span> <span class='ocrx_word' id='word_1_205' title='bbox 1196 1948 1336 1977; x_wconf 89' lang='lat' dir='ltr'>tuorum</span> <span class='ocrx_word' id='word_1_206' title='bbox 1355 1945 1432 1977; x_wconf 87' lang='lat' dir='ltr'>dolo</span> <span class='ocrx_word' id='word_1_207' title='bbox 1450 1949 1641 1987; x_wconf 83' lang='lat' dir='ltr'>superatus,</span> 
     </span>
     <span class='ocr_line' id='line_1_24' title="bbox 343 2016 1639 2061; baseline 0.001 -12"><span class='ocrx_word' id='word_1_208' title='bbox 343 2017 511 2061; x_wconf 84' lang='lat' dir='ltr'>inglorius</span> <span class='ocrx_word' id='word_1_209' title='bbox 534 2017 716 2055; x_wconf 82' lang='lat' dir='ltr'>interires3</span> <span class='ocrx_word' id='word_1_210' title='bbox 743 2017 833 2048; x_wconf 88' lang='lat' dir='ltr'>unde</span> <span class='ocrx_word' id='word_1_211' title='bbox 852 2016 1056 2049; x_wconf 67' lang='lat' dir='ltr'>Christianae</span> <span class='ocrx_word' id='word_1_212' title='bbox 1082 2017 1257 2060; x_wconf 81' lang='lat' dir='ltr'>religionis</span> <span class='ocrx_word' id='word_1_213' title='bbox 1281 2017 1427 2050; x_wconf 85' lang='lat' dir='ltr'>borealis</span> <span class='ocrx_word' id='word_1_214' title='bbox 1448 2017 1639 2060; x_wconf 87' lang='lat' dir='ltr'>respublica</span> 
     </span>
     <span class='ocr_line' id='line_1_25' title="bbox 340 2088 1637 2133; baseline 0 -12"><span class='ocrx_word' id='word_1_215' title='bbox 340 2089 433 2122; x_wconf 89' lang='lat' dir='ltr'>haud</span> <span class='ocrx_word' id='word_1_216' title='bbox 456 2089 619 2122; x_wconf 87' lang='lat' dir='ltr'>mediocri</span> <span class='ocrx_word' id='word_1_217' title='bbox 640 2090 778 2133; x_wconf 84' lang='lat' dir='ltr'>jactura</span> <span class='ocrx_word' id='word_1_218' title='bbox 801 2088 991 2121; x_wconf 80' lang='lat' dir='ltr'>afficeretur</span> <span class='ocrx_word' id='word_1_219' title='bbox 1014 2089 1182 2121; x_wconf 85' lang='lat' dir='ltr'>bellorum</span> <span class='ocrx_word' id='word_1_220' title='bbox 1205 2090 1304 2128; x_wconf 89' lang='lat' dir='ltr'>mole,</span> <span class='ocrx_word' id='word_1_221' title='bbox 1321 2100 1400 2132; x_wconf 85' lang='lat' dir='ltr'>quae</span> <span class='ocrx_word' id='word_1_222' title='bbox 1418 2093 1478 2121; x_wconf 89' lang='lat' dir='ltr'>tuo</span> <span class='ocrx_word' id='word_1_223' title='bbox 1494 2089 1637 2121; x_wconf 88' lang='lat' dir='ltr'>interitu</span> 
     </span>
     <span class='ocr_line' id='line_1_26' title="bbox 339 2160 1637 2204; baseline -0.001 -11"><span class='ocrx_word' id='word_1_224' title='bbox 339 2164 540 2193; x_wconf 86' lang='lat' dir='ltr'>strueretur.</span> <span class='ocrx_word' id='word_1_225' title='bbox 567 2160 754 2193; x_wconf 84' lang='lat' dir='ltr'>Eduardus</span> <span class='ocrx_word' id='word_1_226' title='bbox 770 2161 813 2193; x_wconf 87' lang='lat' dir='ltr'>ad</span> <span class='ocrx_word' id='word_1_227' title='bbox 827 2161 979 2203; x_wconf 87' lang='lat' dir='ltr'>primum</span> <span class='ocrx_word' id='word_1_228' title='bbox 993 2160 1137 2193; x_wconf 86' lang='lat' dir='ltr'>Thomae</span> <span class='ocrx_word' id='word_1_229' title='bbox 1150 2165 1324 2204; x_wconf 79' lang='lat' dir='ltr'>aspectum</span> <span class='ocrx_word' id='word_1_230' title='bbox 1338 2160 1525 2203; x_wconf 85' lang='lat' dir='ltr'>obstupuit.</span> <span class='ocrx_word' id='word_1_231' title='bbox 1551 2160 1637 2193; x_wconf 82' lang='lat' dir='ltr'>Mox</span> 
     </span>
    </p>
   </div>
   <div class='ocr_carea' id='block_1_3' title="bbox 339 2231 1638 2285">
    <p class='ocr_par' dir='ltr' id='par_1_3' title="bbox 339 2231 1638 2285">
     <span class='ocr_line' id='line_1_27' title="bbox 339 2231 1638 2285; baseline 0.001 -21"><span class='ocrx_word' id='word_1_232' title='bbox 339 2232 382 2264; x_wconf 86' lang='lat' dir='ltr'>ad</span> <span class='ocrx_word' id='word_1_233' title='bbox 395 2242 430 2264; x_wconf 89' lang='lat' dir='ltr'>se</span> <span class='ocrx_word' id='word_1_234' title='bbox 445 2243 615 2272; x_wconf 83' lang='lat' dir='ltr'>reversus,</span> <span class='ocrx_word' id='word_1_235' title='bbox 629 2233 786 2275; x_wconf 88' lang='lat' dir='ltr'>perlectis</span> <span class='ocrx_word' id='word_1_236' title='bbox 800 2233 920 2271; x_wconf 84' lang='lat' dir='ltr'>literis,</span> <span class='ocrx_word' id='word_1_237' title='bbox 935 2233 1170 2277; x_wconf 88' lang='lat' dir='ltr'>conjuratione</span> <span class='ocrx_word' id='word_1_238' title='bbox 1185 2243 1324 2285; x_wconf 74' lang='lat' dir='ltr'>prqrsus</span> <span class='ocrx_word' id='word_1_239' title='bbox 1339 2232 1480 2270; x_wconf 85' lang='lat' dir='ltr'>detecta,</span> <span class='ocrx_word' id='word_1_240' title='bbox 1495 2231 1638 2265; x_wconf 88' lang='lat' dir='ltr'>Thomae</span> 
     </span>
    </p>
   </div>
  </div>
 </body>
</html>
