1955 2807
317 281 357 308 62
771 277 1170 308 ABERDONENSIUM

319 387 429 425 bant3
464 387 550 419 alter
575 395 749 418 sacrarum
775 385 953 418 literarum
979 385 1199 424 enarrationi,
1230 387 1316 419 alter
1342 389 1507 430 pontificii
1530 392 1622 434 juris

318 458 555 502 frequentibus
569 457 795 495 auditoribus,
808 457 992 490 insudabat
1004 467 1013 496 ς
1034 457 1187 491 Thomas
1201 457 1412 502 Stmquhyn,
1426 459 1625 496 Alexander

320 530 353 563 V
354 540 461 567 ascus,
473 530 532 572 qui
550 529 682 572 primus
696 528 906 561 Aberdoniae
923 529 1111 562 scholarem
1123 530 1194 574 egit
1210 529 1463 573 praefecturam,
1482 537 1626 576 uterque

319 601 492 645 pontificio
513 601 594 645 jure
614 601 800 634 admodum
824 601 980 634 eruditus
996 611 1004 640 ;
1031 601 1054 633 J
1056 601 1179 634 acobus
1198 602 1351 641 Brunus,
1369 602 1627 638 Aberdonensis

320 674 478 712 decanus,
497 673 602 706 sacris
620 673 728 706 literis
746 673 885 706 edoctus
902 683 910 712 ;
937 677 1040 716 atque
1063 674 1121 705 alii
1145 675 1336 717 complures
1356 680 1389 708 et
1406 675 1568 709 humanis
1594 682 1628 710 et

320 746 447 779 divinis
464 745 573 778 literis
590 746 766 788 pollentes.
812 744 1022 777 Aberdoniae
1040 745 1156 787 itaque
1177 746 1293 778 sedere
1311 746 1370 779 ubi
1388 757 1569 790 coeperam,
1587 753 1627 782 ut

320 817 531 851 commodius
543 817 771 849 adolescentes
782 816 971 858 disciplinis
982 815 1460 855 formarentur,wilhelmum
1474 818 1627 862 Hayum,

321 890 461 932 quicum
490 887 718 931 philosophiae
746 887 889 920 Parisiis
920 898 1060 930 operam
1087 888 1258 927 dederam,
1289 889 1395 922 accivi
1427 890 1463 922 in
1497 891 1626 923 socium

321 960 458 998 laboris,
483 964 524 992 ut
549 959 718 1002 primaeva
742 963 845 992 aetate
868 959 1029 992 inchoata
1054 959 1292 993 benevolentia
1317 961 1524 999 animorum,
1551 972 1628 994 con-

321 1032 450 1065 stantia
466 1030 575 1070 nobis,
600 1031 660 1074 qui
678 1030 839 1075 Angusia
864 1032 1037 1064 communi
1060 1032 1238 1074 provincia
1255 1032 1339 1071 nati,
1358 1032 1505 1066 Deidoni
1524 1034 1627 1067 simul

322 1104 480 1147 pueritiae
510 1108 666 1146 tempora
695 1103 902 1147 peregimus,
938 1102 1080 1135 Parisiis
1104 1103 1231 1136 eisdem
1262 1103 1326 1136 sub
1356 1105 1627 1147 praeceptoribus

322 1181 496 1218 utcunque
514 1175 666 1208 instituti
687 1174 828 1212 fuimus,
852 1175 894 1206 ad
918 1175 1050 1207 exitum
1067 1185 1176 1217 usque
1194 1174 1278 1207 vitae
1295 1180 1539 1217 perseveraret.
1592 1175 1627 1208 Is

322 1258 449 1292 magna
474 1247 510 1279 in
535 1257 589 1279 me
610 1246 752 1279 caritate
778 1246 912 1284 ductus,
938 1246 989 1279 uti
1016 1246 1226 1278 necessarius
1252 1257 1386 1279 mecum
1412 1245 1624 1280 Aberdoniae

323 1319 484 1353 consedit.
531 1318 742 1351 Literarium
760 1317 911 1350 laborem
928 1318 1044 1350 animo
1062 1318 1169 1351 subiit
1186 1318 1368 1356 constanti,
1385 1318 1496 1350 indies
1514 1319 1626 1363 magis

321 1392 508 1424 delectatus
533 1391 570 1423 in
595 1389 865 1422 adolescentibus
891 1390 1086 1422 erudiendis
1110 1399 1222 1422 comes
1245 1389 1442 1422 fidissimus.
1494 1389 1628 1423 Exacta

321 1464 401 1496 inde
418 1467 452 1496 et
469 1462 703 1506 perseveranti
721 1461 901 1506 diligentia
918 1461 1076 1494 effectum
1098 1466 1161 1500 est,
1178 1465 1218 1494 ut
1235 1461 1332 1494 brevi
1349 1465 1504 1505 tempore
1521 1472 1628 1505 praes-

321 1536 410 1569 tanti
428 1535 608 1578 disciplina
625 1534 692 1567 viri
713 1545 756 1567 ex
773 1533 1012 1567 Aberdonensi
1035 1534 1224 1566 universali
1244 1533 1418 1566 academia
1439 1534 1627 1577 prodirent,

321 1610 358 1642 in
383 1609 511 1642 divinis
536 1608 645 1641 literis
671 1611 706 1640 et
730 1611 878 1650 utroque
898 1607 979 1651 jure
1008 1606 1121 1645 multi,
1148 1606 1312 1649 permulti
1335 1605 1372 1638 in
1399 1606 1625 1649 philosophia.

320 1681 519 1714 Alexander
534 1680 670 1723 Hayus,
688 1679 758 1712 acri
776 1679 944 1722 praeditus
961 1678 1112 1723 ingenio,
1130 1678 1312 1721 praestanti
1330 1678 1460 1710 virtute
1477 1681 1511 1709 et
1528 1677 1627 1709 disci-

321 1754 425 1796 plina,
452 1763 544 1786 nunc
561 1751 818 1785 Aberdonensis
841 1751 1035 1788 canonicus,
1059 1750 1192 1793 primus
1210 1759 1252 1782 ex
1269 1749 1311 1782 iis
1329 1749 1388 1792 qui
1413 1759 1455 1781 ex
1472 1748 1627 1781 Aberdo-

321 1826 418 1858 nensi
444 1825 625 1869 gymnasio
642 1834 846 1867 processere,
874 1823 934 1865 qui
960 1823 1044 1855 alios
1063 1821 1169 1854 bonas
1195 1825 1285 1853 artes
1311 1820 1476 1858 docuerit,
1497 1820 1626 1864 quique

320 1897 447 1930 ibidem
465 1895 706 1929 scholasticum
723 1894 928 1937 primarium
946 1894 1055 1938 egerit
1072 1893 1325 1937 magistratum.
1365 1891 1387 1923 J
1389 1891 1514 1924 acobus
1528 1890 1626 1935 Ogil-

319 1970 408 2007 vius,
425 1968 532 2001 nobili
550 1972 584 2001 et
601 1967 754 2010 opulenti
772 1977 814 1999 ex
828 1965 969 2004 familia,
982 1965 1073 2009 juris
1085 1964 1234 1997 Caesarei
1248 1963 1430 2007 professor,
1447 1967 1523 2006 post
1538 1962 1627 1995 Wil-

320 2042 425 2074 helmi
451 2041 582 2074 exitum
606 2040 649 2072 ad
679 2049 814 2072 sacrum
833 2037 1114 2071 Aberdonensem
1138 2036 1376 2079 pontificatum
1402 2035 1626 2078 designatus:

320 2125 388 2157 quo
403 2114 552 2151 tandem,
564 2117 604 2146 ut
619 2115 734 2145 ortum
751 2111 842 2144 inter
855 2109 953 2154 regni
967 2109 1134 2153 primores
1148 2108 1329 2141 dissidium
1347 2108 1534 2143 tolleretur,
1552 2115 1624 2138 sese

319 2186 507 2218 amicorum
532 2195 637 2218 suasu
663 2183 846 2221 abdicavit,
873 2181 1056 2215 rectoriam
1088 2180 1368 2224 Kynkeldensem
1393 2177 1495 2210 simul
1521 2180 1625 2220 atque
