1955 2807
698 321 1030 357 EPISCOPORUM
1053 320 1181 351 VITAE.
1559 318 1573 344 7
1578 319 1596 345 5

289 443 373 474 dare
393 440 506 477 vellet,
528 436 577 471 Ut
595 437 690 475 bene,
708 436 833 478 inquit,
851 434 896 467 sit
914 433 961 465 eis
977 441 985 464 ε
1004 441 1067 475 ego
1085 430 1129 462 ad
1145 427 1297 461 feliciora
1314 436 1428 469 pergo.
1472 423 1520 456 Et
1539 423 1597 456 ubi

291 524 381 558 aegra
408 512 523 545 anima
545 509 693 552 amplius
720 505 892 540 demorari
918 514 987 536 non
1013 502 1137 545 potuit,
1157 499 1235 532 Iesu
1254 496 1443 532 Salvatoris
1460 495 1599 528 nomine

293 587 435 630 ejusque
461 581 643 627 genetricis
669 577 884 621 frequentius
910 576 1080 611 invocato,
1109 571 1263 605 obticuit.
1315 569 1484 612 Spiritum
1510 568 1600 605 inde,

293 669 363 690 nou
380 657 475 688 velut
492 657 646 686 extrema
662 650 808 694 patiens,
834 647 894 680 sed
917 645 1086 688 arripiens
1104 643 1267 686 quietem,
1285 641 1403 673 hausit
1420 641 1578 673 divinum
1593 651 1600 670 :

294 734 414 761 natum
437 726 479 759 ad
497 725 599 757 decus
616 726 742 756 nostrae
759 720 880 758 aetatis,
905 717 1086 751 Scotorum
1104 715 1203 759 regni
1221 713 1447 756 splendorem,
1465 717 1499 744 et
1516 712 1603 744 divi-

296 801 331 832 ni
355 799 468 832 cultus
497 799 745 841 augnient11n13
771 796 892 835 utpote
909 790 981 834 qui,
999 799 1078 822 cum
1104 791 1165 820 aut
1190 785 1283 819 domi
1310 789 1370 817 aut
1395 783 1479 816 foris
1505 788 1604 820 esset,

296 883 364 915 quo
382 870 522 903 ecclesia
539 869 645 901 totius
663 864 924 911 gubernationis
941 861 1006 895 sibi
1026 859 1214 893 commissae
1232 856 1433 891 cultioribus
1451 855 1606 888 ministe-

298 945 358 976 riis
370 943 424 986 pie
439 947 472 974 et
486 941 643 984 religiose
657 939 835 975 coleretur,
846 933 1025 977 multoque
1036 942 1141 975 quam
1152 930 1284 963 dudum
1297 928 1452 970 exemplo
1464 927 1544 959 vitae
1555 937 1607 959 sa-

299 1016 476 1049 cerdotum
486 1012 654 1046 illustrior
664 1011 874 1046 redderetur,
885 1005 1074 1049 impensius
1084 1002 1217 1036 curavit
1227 1000 1469 1045 praestititque.
1489 997 1607 1042 Hujus

299 1088 405 1120 felicis
417 1085 586 1129 pontificis
598 1084 627 1116 is
638 1087 711 1115 erat
718 1082 1072 1122 exitus‚posteaquam
1083 1074 1230 1119 triginta
1239 1083 1346 1106 annos
1358 1072 1501 1104 sederat.
1517 1067 1608 1113 Ejus

300 1159 688 1201 corpus‚exenteratum,
699 1152 876 1186 conditum
885 1147 1108 1185 aromatibus,
1120 1146 1198 1179 inde
1205 1145 1357 1177 delatum
1364 1142 1609 1179 Aberdoniam,

302 1242 372 1264 non
386 1235 457 1262 tam
470 1227 593 1261 celebri
604 1236 731 1269 pompa
741 1234 846 1268 quam
857 1221 1008 1266 lugubri,
1022 1220 1059 1251 in
1074 1229 1136 1251 suo
1151 1216 1292 1260 collegio
1305 1219 1384 1247 ante
1397 1213 1611 1256 praecipuiun

304 1304 411 1336 altare
429 1306 480 1334 est
498 1301 692 1332 humatum.
727 1296 886 1329 Extitere
905 1299 981 1326 tum
999 1291 1159 1334 prodigia
1176 1289 1318 1331 aliquot.
1354 1285 1504 1318 Foverni
1523 1283 1612 1325 (vico

306 1384 432 1407 nomen
450 1377 502 1405 est
519 1371 635 1403 decem
652 1368 805 1401 millibus
822 1375 988 1409 passuum
1005 1362 1049 1395 ab
1066 1360 1280 1402 Aberdonia)
1299 1357 1413 1391 infans
1430 1356 1544 1399 biceps
1562 1360 1614 1388 at-

308 1457 375 1489 que
388 1445 557 1486 bicorpor,
575 1441 708 1474 duobus
728 1443 845 1473 tamen
861 1435 1030 1473 cruribus,
1048 1437 1151 1467 natus
1166 1442 1175 1471 ς
1198 1432 1235 1464 in
1252 1441 1291 1463 eo
1308 1429 1435 1472 alioqui
1453 1427 1540 1461 nihil
1553 1427 1615 1459 foe-

308 1519 391 1551 dum
409 1520 558 1559 aspectu.
609 1512 712 1546 Alius
729 1509 938 1544 Aberdoniae
958 1512 1072 1544 natuS,
1089 1505 1150 1548 qui
1174 1502 1339 1536 maternis
1357 1501 1516 1533 admotus
1534 1498 1615 1531 ube-

309 1590 404 1623 ribus
422 1599 483 1621 nec
501 1598 540 1619 ea
557 1595 712 1629 unquam
734 1592 856 1627 sugere
881 1580 1002 1617 voluit,
1025 1587 1087 1610 nec
1109 1580 1255 1608 matrem
1277 1572 1433 1606 horribili
1454 1571 1528 1604 sine
1550 1571 1617 1603 cla-

312 1673 406 1695 more
423 1661 550 1697 videre,
577 1656 730 1702 cujusvis
753 1654 895 1687 alterius
913 1651 1052 1684 feminae
1073 1657 1242 1681 mammas
1259 1638 1391 1689 placide
1408 1644 1616 1686 complexus.

315 1734 363 1766 Et
382 1733 508 1776 pinnae,
533 1741 612 1773 quae
629 1733 727 1761 motu
745 1730 929 1759 ventorum
946 1722 1100 1756 indicant
1117 1719 1249 1756 flatum,
1273 1722 1307 1750 et
1329 1716 1373 1749 ob
1394 1715 1458 1748 hoc
1475 1714 1619 1757 templo-

315 1816 392 1838 riun
410 1803 602 1847 pinnaculis
621 1799 796 1837 adhibitae,
814 1807 892 1841 quae
910 1793 1120 1829 Aberdoniae
1137 1791 1244 1829 fuere,
1269 1793 1331 1822 aut
1347 1787 1542 1821 ceciderunt
1558 1790 1620 1818 aut

317 1877 467 1910 effractae
494 1879 576 1907 sunt
601 1882 728 1906 omnes.
778 1870 856 1908 Quo
873 1868 978 1901 etiam
996 1871 1149 1907 tempore
1166 1861 1347 1895 wilhelmi
1363 1859 1468 1892 funus
1486 1862 1538 1891 est
1555 1857 1622 1889 ela-

318 1956 405 1987 tum,
419 1946 602 1991 pastoralis
614 1944 768 1981 baculus,
782 1952 825 1975 ex
843 1942 988 1985 argento
1005 1935 1183 1974 conflatus,
1200 1943 1303 1977 quem
1316 1930 1514 1965 Alexander
1530 1928 1624 1961 Lau-

319 2021 450 2054 rentius
470 2018 524 2059 (ut
542 2018 577 2050 iu
595 2015 732 2049 funebri
748 2013 787 2046 fit
806 2012 945 2056 pompa)
964 2008 1131 2054 gestabat,
1144 2006 1274 2039 fractus
1292 2008 1353 2042 est,
1371 2002 1541 2035 incertum
1554 2009 1624 2042 quo

321 2098 431 2137 pacto,
458 2092 565 2124 altera
592 2093 689 2132 parte
710 2087 747 2120 in
766 2085 905 2122 fossam,
931 2081 989 2115 ubi
1016 2078 1185 2123 pontificis
1211 2076 1356 2109 cadaver
1381 2076 1455 2106 erat
1479 2071 1625 2105 conden-

322 2165 416 2203 dum,
442 2165 632 2196 corruente.
670 2158 788 2192 Allata
805 2160 857 2190 est
879 2159 956 2188 tum
976 2154 1106 2186 incerta
1123 2159 1202 2187 vox,
1220 2147 1269 2181 Et
1286 2151 1411 2185 tecum,
1428 2143 1626 2180 Wilhelme,

324 2237 427 2269 mitra
445 2232 649 2278 sepelienda.
