1955 2807
712 285 1043 319 EPISCOPORUM
1068 289 1195 319 VITAE.
1585 297 1603 323 7

298 390 387 422 enim
404 389 580 423 wilhelmi
596 394 696 437 regis,
711 405 731 426 a
744 405 813 437 quo
824 397 973 438 praediis,
986 398 1077 442 agris
1092 402 1125 431 et
1140 398 1336 431 nemoribus
1351 399 1392 431 de
1403 399 1491 432 Bras
1507 400 1610 434 libere

297 466 345 493 est
358 461 515 501 donatus,
530 474 659 496 annum
674 467 814 499 tertium
829 478 933 510 supra
946 470 1167 509 tricesimum,
1176 482 1284 514 quum
1296 482 1313 504 e
1328 472 1439 504 medio
1451 472 1607 506 sublatus

296 538 357 571 est,
376 533 505 566 Christi
524 535 768 569 incarnationis
786 548 877 571 anno
890 540 1071 573 millesimo
1089 543 1274 575 centesimo
1292 545 1516 588 nonagesimo
1535 556 1610 588 sep-

297 605 389 637 timo.

341 747 389 780 Et
402 747 641 789 JOANNES,
657 751 757 784 Prior
768 753 809 785 de
823 753 960 793 Calcho,
978 756 1051 800 ejus
1070 757 1231 790 inlocum
1249 759 1412 791 suffectus
1430 765 1493 792 est.
1519 760 1608 795 Erat

291 818 313 850 J
315 830 441 852 oannes
455 821 591 863 publica
605 823 687 861 vita,
699 835 738 856 ea
755 825 920 869 religione
937 838 1006 869 qua
1022 828 1170 870 privata,
1183 831 1324 863 virtutis
1344 833 1518 875 exemplar
1536 844 1608 866 om-

290 892 387 923 nium
406 894 576 926 sententia
593 895 810 935 imitandum,
828 897 1048 932 fortunarum
1067 905 1282 944 contemptor
1309 903 1392 936 adeo
1414 909 1453 937 ut
1476 906 1604 938 nullius

290 963 428 1007 indigus
449 975 520 996 esse
541 976 694 1008 unquam
716 969 876 1010 potuerit.
928 970 1090 1013 Optimus
1111 974 1203 1005 enim
1224 975 1377 1013 antistes,
1402 975 1460 1008 ubi
1485 977 1601 1009 omnia

290 1045 368 1076 qua>
387 1034 564 1074 habuerat,
580 1043 641 1070 aut
658 1038 694 1070 in
708 1039 860 1072 aedificiis
874 1045 908 1073 et
921 1044 1131 1076 ornamentis
1148 1046 1355 1087 templorum
1370 1052 1430 1079 aut
1443 1049 1603 1091 pauperi-

290 1105 351 1138 bus
369 1112 552 1152 erogasset,
570 1120 661 1141 nono
679 1120 769 1142 anno
787 1111 841 1143 sui
859 1111 1078 1154 pontificatus
1098 1115 1169 1147 vita
1192 1117 1347 1155 excessit,
1366 1117 1497 1151 Christi
1520 1129 1601 1153 vero

289 1182 385 1209 sexto
402 1188 506 1221 supra
524 1180 746 1213 millesimum
764 1182 1046 1216 ducentesimum.

332 1319 438 1354 Anno
463 1323 580 1356 eodem
606 1324 814 1359 ADAMUS
836 1327 1092 1362 Aberdonensis
1118 1331 1297 1375 episcopus
1326 1339 1478 1373 vocatur,
1506 1337 1596 1380 regis

284 1393 397 1434 potius
416 1405 520 1427 suasu
537 1400 571 1428 et
588 1396 732 1439 imperio
750 1409 854 1441 quam
872 1401 1072 1433 clericorum
1090 1403 1275 1447 suffragiis,
1301 1406 1362 1448 qui
1386 1406 1473 1439 inito
1490 1408 1599 1452 magi-

283 1469 395 1497 stratu
413 1467 516 1510 regiis
537 1468 684 1511 negotiis
706 1475 746 1502 ut
769 1471 926 1513 privatus
949 1473 1069 1515 primis
1094 1475 1194 1508 annis
1215 1477 1370 1510 addictus
1394 1483 1477 1511 erat.
1530 1479 1597 1512 Sed

283 1535 469 1570 &vilhelmo
486 1537 567 1571 fatis
585 1540 734 1579 cedente,
746 1541 980 1576 Aberdoniam
995 1556 1016 1577 a
1029 1546 1118 1579 clero
1130 1551 1164 1579 et
1181 1549 1309 1591 populo
1322 1551 1462 1589 accitus,
1482 1552 1525 1584 ad
1543 1563 1594 1584 ec-

282 1609 392 1641 clesiae
410 1610 626 1654 dignitatem,
644 1613 817 1655 prioribus
835 1616 934 1648 annis
952 1627 1016 1649 sua
1032 1618 1165 1651 incuria
1178 1621 1320 1662 paulum
1337 1622 1589 1663 labefactatam,

280 1681 504 1722 reparandam
519 1686 631 1715 totum
643 1684 797 1717 animum
812 1687 945 1731 adjecit.
973 1687 1045 1722 Nec
1056 1690 1116 1722 diu
1127 1691 1308 1734 superfuit.
1336 1693 1489 1728 Moritur
1499 1697 1590 1729 enim

278 1756 354 1792 post
380 1758 597 1796 assumptum
623 1756 860 1798 pontificatum
884 1769 975 1792 anno
1000 1760 1162 1794 vicesimo
1184 1762 1307 1805 primo,
1325 1764 1516 1800 Alexandri
1538 1780 1589 1801 se-

277 1824 378 1855 cundi
412 1825 502 1869 regis
537 1827 726 1865 undecimo,
763 1833 796 1861 et
830 1835 958 1864 nostrae
988 1833 1108 1865 salutis
1143 1834 1324 1868 millesimo
1354 1837 1587 1873 ducentesimo

275 1894 435 1927 vicesimo
453 1897 607 1939 septimo.

324 2037 408 2070 Inde
426 2038 730 2076 MATTHAEUM
749 2047 847 2089 regni
862 2046 1112 2083 Cancellarium
1124 2052 1233 2084 clerus
1245 2063 1323 2084 cum
1336 2055 1463 2096 populo
1473 2054 1584 2089 Aber-

273 2108 415 2142 donensi
433 2113 606 2145 communi
618 2124 785 2148 consensu
803 2119 993 2152 antistitem
1006 2123 1205 2163 postulavit,
1216 2123 1329 2157 felices
1347 2136 1419 2159 sese
1437 2127 1582 2161 arbitra-

272 2181 309 2217 ti,
327 2182 356 2213 si
375 2182 489 2215 virum
507 2185 567 2217 tali
585 2186 752 2220 modestia
768 2190 965 2231 praeditum,
979 2193 1119 2226 consilio
1137 2198 1171 2227 et
1187 2197 1390 2230 auctoritate
1408 2199 1491 2232 adeo
1508 2202 1579 2243 pol-

272 2252 408 2293 lentem,
426 2260 597 2298 pastorem
616 2263 728 2292 essent
745 2260 908 2294 habituri.
953 2262 1023 2296 Vix
1039 2271 1230 2300 assenserat
1249 2267 1450 2309 Matthaeus,
1469 2283 1576 2315 quum

1628 1121 1718 1154 A.D.
1741 1121 1842 1155 1206.

1612 1842 1703 1879 A.D.
1726 1850 1828 1885 1227.
