1955 2807
338 351 377 378 74
793 344 1191 377 ABERDONENSIUM

337 457 447 491 cessit.
476 456 581 488 Sexto
594 458 710 488 autem
729 464 834 498 quam
852 453 1098 499 Edinburgum
1112 459 1254 487 venerat
1272 454 1337 493 die,
1354 453 1459 487 febris
1473 456 1575 498 coepit
1592 467 1645 489 ar-

336 529 427 566 dere,
446 532 486 560 ut
504 528 601 560 nulla
614 527 644 559 ei
662 527 759 570 quies
777 527 938 559 daretur:
957 527 1100 569 pertulit
1117 530 1234 559 tamen
1247 526 1400 559 dolorem
1418 536 1493 558 eam
1511 531 1644 559 noctem

336 601 472 632 tacitus.
505 599 596 632 Tum
617 598 770 632 accersiti
787 598 910 631 medici
928 599 1019 642 quod
1034 609 1103 631 suae
1120 603 1194 631 erat
1213 598 1309 637 artis,
1327 599 1506 641 desperata
1524 599 1645 637 salute,

337 676 419 705 sunt
444 671 588 704 executi.
638 670 807 703 Sacellum
833 681 875 703 ex
903 681 998 703 more
1022 671 1197 714 ingressus
1222 671 1332 713 pridie
1358 681 1463 714 quam
1490 671 1563 704 vita
1589 682 1646 704 ex—

336 745 468 777 cederet
484 754 493 783 ς
520 743 579 776 ubi
598 743 708 775 multa
726 743 860 775 dixerat
882 743 937 785 pie
955 746 989 774 et
1012 743 1109 775 docte
1127 743 1168 774 de
1185 742 1317 775 Christi
1340 743 1515 788 religione,
1539 754 1643 786 quam

335 826 416 849 vera
434 820 532 854 esset,
551 819 681 858 quanta
703 815 844 857 praemia
867 814 1044 857 proposita
1061 814 1135 858 ejus
1154 814 1444 853 observatoribus,
1461 826 1570 858 quum
1593 827 1645 848 sa-

334 898 391 919 cra
416 897 577 931 peragere
606 887 723 918 volens
750 885 904 918 confecto
933 895 1075 928 corpore
1101 885 1324 929 nequivisset,
1353 896 1489 918 sacrum
1515 886 1645 920 Christi

333 969 456 1001 corpus
474 958 588 991 afferri
610 958 727 1002 jussit,
745 958 848 1001 quod,
872 957 971 990 humi
996 961 1202 1001 prostratus,
1225 957 1456 1001 lachrymam,
1477 958 1583 991 tensis
1609 959 1645 991 in

333 1031 455 1064 caelum
474 1029 644 1068 manibus,
665 1034 862 1062 reverenter
888 1030 1026 1072 accepit.
1079 1029 1164 1062 Inde
1181 1029 1336 1062 oratione
1358 1034 1437 1062 ante
1455 1029 1644 1062 Salvatoris

332 1103 519 1146 imaginem
537 1101 689 1134 crucifixi
708 1101 749 1134 de
767 1112 863 1134 more
881 1101 1010 1139 habita,
1035 1101 1071 1133 in
1090 1100 1287 1134 cubiculum
1305 1102 1429 1134 ductus
1448 1102 1572 1134 lectulo
1590 1102 1646 1134 de-

335 1174 465 1212 cubuit,
483 1174 648 1206 dormivit
671 1174 824 1216 paulum,
852 1178 891 1206 ut
917 1183 1059 1206 somnus
1085 1173 1281 1205 excluderet
1306 1173 1481 1205 dolorem:
1511 1174 1643 1216 vesperi

333 1246 481 1279 coenavit
507 1246 597 1278 inter
622 1250 801 1290 magnates
827 1246 995 1288 quosdam
1014 1243 1089 1288 (qui
1115 1245 1158 1277 ad
1180 1255 1258 1277 etun
1283 1245 1524 1277 consolationis
1542 1255 1644 1277 causa

332 1318 512 1361 venerant)
528 1327 537 1356 ;
556 1318 655 1361 gravi
681 1317 787 1361 hujus
805 1327 961 1349 sermone
978 1317 1113 1349 tristem
1132 1317 1268 1349 vultum
1286 1320 1406 1349 notare
1424 1327 1553 1354 omnes,
1571 1327 1643 1349 ina-

331 1391 403 1421 lum
422 1390 458 1421 in
475 1400 514 1421 eo
531 1389 669 1432 signum
689 1389 941 1432 praesagientes.
970 1386 1053 1421 Sera
1072 1392 1182 1426 nocte,
1200 1387 1259 1420 ubi
1277 1392 1386 1420 strato
1403 1398 1475 1420 sese
1492 1388 1642 1426 dederat,

332 1464 497 1493 aestuante
511 1460 615 1499 febre,
633 1461 730 1493 dolor
748 1461 778 1493 ei
797 1459 1036 1493 vehementius
1050 1460 1168 1498 crevit,
1185 1470 1288 1502 quem
1306 1464 1476 1502 quantum
1494 1459 1567 1492 fieri
1585 1470 1643 1503 po-

332 1533 400 1565 tuit
411 1532 651 1565 dissimulavit.
696 1531 801 1564 Mane
812 1531 871 1564 ubi
883 1531 1082 1564 catarrhum
1094 1531 1256 1564 sensisset
1270 1531 1306 1564 in
1317 1531 1492 1564 tracheam
1507 1532 1642 1564 descen-

332 1605 480 1643 dentem,
509 1604 760 1637 cubicularium
777 1614 859 1636 voce
882 1615 951 1647 qua
973 1604 1087 1647 potuit
1105 1608 1232 1636 evocat.
1283 1602 1470 1646 Extemplo
1488 1614 1644 1637 cucurre-

333 1682 415 1711 runt
441 1677 554 1716 amici,
582 1677 789 1710 moribundo
808 1677 1039 1715 circumstare,
1066 1677 1125 1709 alii
1143 1675 1234 1714 flere,
1260 1676 1318 1708 alii
1344 1676 1486 1718 precari,
1511 1676 1641 1708 hortari

335 1749 393 1781 alii
412 1749 494 1782 forti
513 1755 600 1782 esset
627 1749 753 1787 animo,
778 1760 820 1781 ne
838 1748 902 1781 sibi
921 1749 985 1791 ipsi
1014 1749 1155 1786 deesset,
1172 1747 1332 1780 futurum
1351 1747 1445 1779 brevi
1468 1748 1640 1790 sospitem.

336 1819 429 1852 Tum
448 1820 669 1859 lVilhelmus,
687 1822 827 1863 paulum
848 1821 963 1853 oculos
980 1821 1140 1853 attollens
1158 1824 1191 1852 et
1208 1819 1461 1862 lachrymantes
1482 1820 1641 1857 intuitus,

336 1891 507 1924 Putabam
527 1902 587 1924 vos
607 1891 749 1935 (inquit)
769 1892 910 1924 meliora
935 1902 1097 1924 suasuros
1113 1901 1121 1930 ;
1149 1891 1331 1924 sanitatem
1349 1902 1448 1933 spero
1466 1891 1642 1924 immorta-

335 1965 400 1996 lem
417 1974 424 1996 :
451 1975 520 1998 non
538 1975 593 1997 me
610 1965 754 2007 posthac
773 1964 979 1997 caducorum
999 1974 1081 1996 cura
1098 1963 1306 1996 sollicitabit.
1340 1962 1505 1995 Vestrum
1523 1963 1589 1996 erit
1602 1968 1641 1995 ut

334 2037 491 2078 proximo
508 2037 654 2079 quisque
672 2036 882 2079 opituletur3
907 2046 961 2068 me
975 2036 1049 2079 jam
1068 2036 1258 2068 certissima
1276 2039 1432 2077 expectat
1450 2044 1542 2067 mors
1557 2044 1565 2066 ε
1588 2034 1638 2066 uti

335 2108 370 2140 in
389 2108 476 2141 hanc
493 2108 583 2141 diem
602 2108 686 2147 vixi,
705 2107 924 2141 Christianus
942 2107 1081 2140 moriar.
1109 2106 1348 2151 Interrogatus
1365 2117 1434 2149 quo
1451 2107 1487 2138 in
1504 2107 1577 2137 loco
1591 2115 1642 2137 se-

335 2180 509 2221 peliretur,
524 2180 706 2219 Animum,
724 2180 911 2223 respondit,
926 2180 1134 2224 jampridem
1147 2179 1220 2212 Deo
1238 2179 1360 2211 devovi
1375 2189 1384 2216 3
1403 2188 1524 2220 corpus
1542 2177 1642 2210 ubili-

335 2250 393 2283 bet
413 2252 599 2295 sepelitote.
651 2252 891 2296 Interrogatus
909 2262 997 2285 anne
1015 2252 1178 2294 quicquid
1196 2250 1392 2284 absentibus
1411 2250 1527 2282 amicis
1545 2260 1641 2282 man-
