1955 2807
706 298 1037 330 EPISCOPORUM
1059 297 1190 329 VITAE.
1563 299 1603 326 47

297 404 352 438 Sic
369 404 470 448 prisci
490 404 684 448 philosophi
703 404 953 443 existimavere,
971 405 1019 437 sic
1034 407 1320 437 asseveraverunt
1337 402 1535 435 divinarum
1554 407 1605 435 at-

298 487 363 519 que
383 477 613 509 humanarum
639 487 755 509 rerum
781 476 906 519 periti:
933 476 1002 508 imo
1026 476 1214 508 amicitiam
1240 486 1313 508 rem
1339 485 1411 507 esse
1437 474 1604 512 divinam,

299 560 400 582 nemo
426 550 583 582 omnium
609 548 678 580 fuit
703 548 763 591 qui
788 558 859 580 non
884 548 1114 580 contenderet.
1165 547 1333 579 Praeclare
1358 547 1468 591 igitur
1485 545 1604 578 Cicero

298 623 487 655 exclamat:
514 620 546 652 Ο
563 620 761 663 praeclaram
779 618 1003 663 sapientiam!
1030 619 1136 651 solem
1154 629 1172 651 e
1193 619 1323 651 mundo
1346 619 1464 651 tollere
1487 618 1606 650 viden-

298 699 356 726 tur
373 694 433 736 qui
451 692 638 725 amicitiam
656 692 697 724 de
715 692 788 725 vita
805 693 943 730 tollunt,
961 702 1030 734 qua
1048 690 1136 724 nihil
1153 701 1174 723 a
1190 691 1256 723 diis
1275 690 1527 723 immortalibus
1545 690 1606 723 ha-

298 765 416 798 bemus
434 765 569 803 melius,
595 764 682 797 nihil
704 764 904 809 jucundius.
956 763 1005 796 Et
1022 762 1228 796 Aristoteles
1254 767 1371 795 noster
1402 761 1604 804 perpulchre

298 838 483 870 admodum
499 846 507 869 ι
532 836 644 870 Nemo
662 836 792 870 habens
809 841 931 869 caetera
949 836 1065 869 omnia
1083 835 1185 874 bona,
1205 836 1278 868 sine
1295 835 1413 867 amicis
1431 839 1605 877 expeteret

299 910 424 942 vivere.
476 909 568 942 Nam
586 914 620 942 et
637 910 822 952 locupletes
840 913 874 941 et
891 909 928 941 in
947 908 1144 951 principatu
1165 911 1403 950 potestateque
1426 906 1604 939 constituti

300 983 489 1025 plurimum
507 982 625 1014 amicis
643 982 798 1026 indigere
816 981 988 1014 videntur.
1040 980 1133 1019 Quid
1156 980 1248 1012 enim
1272 980 1411 1022 prodest
1435 979 1605 1022 prosperi-

299 1060 363 1093 tas,
377 1054 538 1087 beneficio
549 1053 695 1092 sublato,
713 1053 806 1097 quod
819 1053 960 1096 quidem
975 1053 1126 1085 maxime
1139 1051 1179 1084 fit
1196 1052 1232 1084 in
1251 1052 1388 1090 amicos,
1403 1062 1441 1083 ac
1455 1051 1605 1083 maxime

299 1126 582 1164 commendatum
609 1128 670 1158 aut
686 1135 838 1168 quonam
855 1128 956 1168 pacto
974 1124 1047 1157 sine
1066 1124 1186 1156 amicis
1209 1121 1376 1156 custodiri
1394 1123 1605 1155 conservari-

300 1208 366 1240 que
380 1202 493 1240 potest
503 1196 519 1229 P
547 1196 625 1235 Quo
639 1207 788 1240 namque
802 1197 912 1241 magis
927 1196 1099 1240 quispiam
1113 1195 1277 1233 abundat,
1296 1206 1335 1227 eo
1349 1195 1459 1239 magis
1473 1195 1606 1237 pericu-

300 1270 342 1302 lis
360 1269 513 1313 subjacet
527 1279 535 1301 ε
555 1269 591 1301 in
602 1273 817 1313 paupertate,
833 1269 978 1312 aliisque
990 1267 1254 1306 calamitatibus,
1271 1267 1412 1300 unicum
1430 1265 1605 1310 refugium

300 1341 400 1374 amici
418 1345 596 1383 putantur.
647 1340 697 1374 Et
713 1345 754 1373 ut
770 1341 888 1384 paucis
906 1341 1174 1383 complectamur
1191 1340 1311 1378 multa,
1329 1339 1481 1371 amicitia
1497 1349 1538 1370 ea
1554 1342 1605 1371 est

302 1413 492 1451 concordia,
509 1423 579 1456 qua
595 1417 719 1451 stante,
737 1423 853 1456 parvae
870 1424 923 1445 res
936 1420 1102 1450 crescunt,
1120 1422 1189 1455 qua
1202 1416 1327 1450 amota,
1338 1421 1392 1443 res
1404 1422 1538 1455 magnae
1555 1411 1606 1443 di-

302 1483 476 1517 labuutur.
516 1483 684 1517 Videmus
702 1489 737 1517 et
753 1484 984 1517 animantium
1001 1483 1208 1528 quibusdam
1222 1483 1351 1526 absque
1363 1483 1508 1516 rationis
1526 1494 1604 1521 usu,

303 1556 356 1589 his
374 1556 564 1599 praesertim
583 1555 709 1599 quibus
726 1560 946 1589 mansuetum
964 1557 1116 1599 miteque
1134 1556 1324 1600 ingenium,
1350 1555 1457 1598 equis,
1484 1555 1604 1594 bobus,

301 1627 434 1666 ovibus,
451 1627 592 1671 reliquis
610 1638 746 1672 quoque
764 1629 868 1661 simili
886 1628 1038 1672 praeditis
1060 1632 1196 1666 natura,
1223 1638 1286 1660 suo
1303 1638 1398 1661 more
1416 1627 1604 1660 amicitiam

300 1701 410 1732 inesse
426 1709 433 1731 :
460 1700 536 1732 aliis
555 1700 670 1739 feroci,
688 1701 829 1739 crudeli,
846 1701 1132 1744 inmansuetoque
1149 1701 1289 1745 ingenio
1306 1704 1432 1733 natura
1448 1710 1605 1743 procrea-

300 1773 356 1810 tis,
374 1783 449 1815 quae
467 1772 502 1804 in
521 1783 623 1804 suum
645 1776 680 1805 et
702 1773 739 1805 in
757 1773 907 1805 alienum
930 1783 1039 1817 genus
1061 1773 1219 1811 saeviunt,
1240 1777 1441 1816 perpetuam
1466 1776 1604 1805 conten-

302 1844 440 1875 tionem.
493 1843 576 1876 Haec
594 1844 744 1883 tametsi,
762 1844 805 1877 ob
822 1845 988 1888 ineptiam
1007 1845 1049 1877 ad
1068 1844 1260 1877 humanum
1276 1854 1391 1883 usum,
1412 1855 1491 1877 raro
1514 1854 1604 1877 mac-

302 1920 384 1953 tata,
411 1915 499 1948 aeris
525 1920 641 1948 autem
667 1917 886 1950 inclementia
910 1917 1094 1960 absumpta
1117 1927 1308 1960 nunquam,
1334 1917 1460 1960 exiguo
1487 1921 1603 1948 tamen

301 1998 435 2030 semper
453 1991 487 2020 et
504 1998 590 2030 pene
608 1988 726 2021 eodem
743 1989 925 2032 persistere
942 1999 1107 2022 numero:
1129 1990 1189 2022 illa
1207 2000 1299 2028 vero,
1317 1989 1471 2032 quotidie
1488 1992 1523 2020 et
1539 1987 1604 2020 hu-

301 2070 404 2092 mana
420 2059 503 2103 gula
520 2060 684 2103 populata
701 2065 735 2093 et
752 2060 971 2094 saevientibus
990 2061 1083 2099 feris,
1110 2062 1185 2094 coeli
1203 2072 1340 2104 quoque
1359 2061 1499 2105 injuriae
1517 2069 1604 2093 sem-

298 2139 361 2174 per
379 2131 537 2170 obnoxia,
555 2132 740 2171 abundare,
764 2133 800 2165 in
820 2132 1055 2177 majoremque
1072 2133 1182 2165 indies
1200 2143 1391 2166 excrescere
1408 2142 1602 2166 numerum.

301 2203 471 2237 Indicium
490 2203 643 2248 profecto
661 2204 848 2238 amicitiam
865 2205 909 2238 ad
925 2215 1041 2239 rerum
1060 2205 1215 2238 omnium
1238 2205 1450 2239 incrementa
1474 2205 1511 2238 in
1528 2204 1603 2238 vita
