1955 2807
655 342 985 374 EPISCOPORUM
1008 342 1141 372 VITAE.
1514 345 1553 372 23

245 449 288 481 ad
301 452 417 481 ortum
433 448 628 486 dissidium,
642 448 684 481 ob
698 449 945 492 interregnum,
961 448 1150 480 tollendum
1169 448 1258 479 inter
1276 446 1483 479 Murdacum
1502 453 1552 480 at-

243 532 310 563 que
330 521 523 553 Robertum
542 520 700 552 Murdaci
718 520 836 551 filium.
872 519 970 551 Tulit
989 520 1078 551 enim
1098 520 1247 551 insolens
1266 519 1356 552 filius
1377 520 1552 563 aegerrime

243 593 351 635 patris
379 592 571 635 imperium.
624 591 812 623 Murdacus
840 590 983 623 Roberti
1012 601 1142 622 errores
1171 589 1243 631 (sed
1265 592 1353 634 sero)
1376 592 1478 624 nixus
1501 597 1553 624 est

243 664 433 696 emendare.
474 662 585 700 Quem
613 673 691 694 cum
718 662 851 694 flectere
875 673 944 694 11011
971 666 1118 704 poterat,
1148 662 1271 694 Parthi
1300 662 1405 703 <nunc
1435 663 1552 696 Sancti

243 735 388 768 Joannis
410 735 575 777 oppidum
593 736 731 778 vocant)
753 735 924 778 majorum
942 734 1040 778 regni
1059 737 1248 767 conventus
1267 738 1318 766 est
1336 733 1457 772 factus,
1481 735 1552 773 ubi,

243 812 320 850 post
338 808 477 851 longam
491 808 531 839 de
548 806 744 849 reipublicae
761 806 923 839 felicitate
938 807 1234 844 consultationem,
1248 806 1376 848 placuit
1391 806 1550 839 omnibus

243 878 265 910 J
268 879 412 912 acobum
430 879 585 911 Primum
601 889 727 922 regem,
739 879 799 921 qui
814 883 896 911 tunc
914 879 950 910 in
967 877 1098 922 Anglia
1115 879 1272 920 captivus
1291 878 1482 917 tenebatur,
1500 890 1552 911 re-

245 950 382 982 dimere.
421 950 461 982 Id
479 951 634 982 omnium
652 951 823 982 sententia
840 950 884 982 ad
902 950 1020 992 populi
1039 950 1200 993 quietem,
1219 950 1262 982 ad
1279 951 1377 995 regni
1395 951 1551 992 splendo-

245 1032 329 1059 rem,
355 1022 544 1064 plurimum
571 1022 717 1054 attinere
742 1021 933 1054 videbatur.
984 1022 1043 1054 Ad
1069 1022 1132 1054 hoc
1157 1022 1336 1065 negotium
1359 1022 1550 1066 objectatus

245 1093 500 1126 Aberdonensis
518 1094 695 1136 episcopus
713 1094 866 1126 mittitur
883 1094 926 1126 ad
940 1093 1132 1126 Henricum
1148 1093 1345 1137 Anglorum
1365 1106 1492 1138 regem,
1508 1096 1550 1128 ad

245 1164 412 1197 Jacobum
430 1165 679 1196 redimendum.
731 1163 855 1197 Ardua
872 1176 925 1197 res
946 1170 980 1198 et
1001 1165 1145 1197 difficilis
1168 1165 1432 1208 proponebatur.
1486 1167 1550 1199 Po-

245 1239 333 1268 terat
352 1236 444 1268 enim
461 1234 600 1280 Anglus
618 1235 717 1268 facile
735 1237 901 1279 suspicari
919 1236 942 1268 J
944 1237 1098 1275 acobum,
1121 1248 1234 1280 quem,
1253 1238 1421 1269 minorem
1439 1239 1549 1276 annis,

245 1308 387 1341 Roberti
405 1308 521 1351 patrui
539 1308 680 1340 insidias
694 1307 886 1352 fugientem
904 1309 947 1341 ad
965 1320 1043 1341 eum
1058 1310 1165 1341 veluti
1184 1314 1342 1351 optatum
1360 1309 1547 1354 refugium,

244 1381 344 1413 dictis
363 1381 509 1413 induciis
528 1381 655 1424 injuste
670 1385 815 1423 ceperat,
833 1380 1074 1423 publicamque
1086 1382 1276 1425 conjecerat
1294 1382 1330 1413 in
1348 1382 1549 1420 custodiam,

245 1453 384 1484 inimico
402 1453 438 1484 in
457 1463 535 1484 eum
557 1453 672 1484 animo
693 1451 862 1490 futurum,
882 1452 1163 1495 Francorumque
1184 1453 1257 1496 regi
1285 1451 1401 1495 (quem
1422 1464 1549 1497 magna

244 1530 326 1557 tunc
344 1525 441 1568 regni
459 1528 556 1567 parte
570 1524 790 1567 spoliaverat)
809 1525 995 1556 allaturum
1013 1525 1197 1567 suppetias.
1225 1524 1294 1556 Res
1312 1529 1428 1557 tamen
1446 1535 1549 1568 opera

245 1600 278 1628 et
304 1597 505 1629 interventu
532 1595 676 1628 Henrici
704 1596 852 1639 episcopi
876 1596 972 1628 brevi
1000 1600 1050 1628 est
1074 1596 1235 1629 confecta.
1289 1596 1444 1629 Reducto
1469 1598 1548 1630 inde

245 1679 325 1712 rege
342 1667 364 1700 J
367 1668 470 1700 acobo
488 1668 525 1700 in
542 1668 702 1710 patriam,
725 1667 896 1700 Henricus
915 1667 974 1700 ubi
992 1679 1068 1700 011111
1087 1668 1283 1712 Anglorum
1302 1680 1381 1713 rege
1403 1669 1548 1702 benevo-

243 1741 359 1774 lentiae
378 1751 480 1773 causa
498 1739 550 1781 (eo
568 1741 604 1772 id
620 1742 792 1785 poscente)
813 1741 1013 1784 aliquandiu
1031 1746 1184 1774 moratus
1207 1741 1339 1779 fuisset,
1365 1747 1547 1774 revocante

244 1812 265 1845 J
268 1813 382 1851 acobo,
393 1814 429 1845 in
439 1813 588 1846 Scotiam
603 1817 654 1845 est
667 1823 835 1846 reversus.
854 1813 923 1846 Ubi
937 1818 1160 1856 posteaquam
1176 1815 1286 1846 multa
1298 1815 1546 1847 consultatione

245 1896 360 1929 regem
387 1885 429 1917 ad
455 1886 603 1927 patriam
631 1883 720 1928 (quae
738 1885 901 1928 principis
927 1885 1061 1918 defectu
1079 1885 1319 1929 obbrutuerat)
1346 1886 1389 1918 ad
1413 1896 1548 1928 compo-

243 1957 376 1989 sitiores
407 1967 517 1988 mores
544 1957 770 1989 reducendam
802 1958 1011 1996 accenderat,
1042 1958 1085 1989 ad
1115 1956 1324 1990 Aberdoniae
1349 1962 1545 1999 susceptum

241 2039 326 2071 opus
354 2029 594 2071 complendum
621 2029 830 2061 revertitur:
861 2030 980 2072 templi
1006 2030 1152 2072 parietes
1176 2030 1279 2061 simul
1305 2039 1383 2061 cum
1413 2028 1546 2060 duobus

242 2099 490 2143 campanilibus
510 2100 660 2132 turrium
678 2100 787 2132 instar
804 2101 847 2132 ad
865 2101 938 2144 ejus
957 2101 1136 2133 occiduum
1148 2101 1377 2142 undequaque
1390 2110 1547 2132 consum-

241 2176 335 2205 mat:
362 2172 504 2205 tertium
521 2172 685 2215 relinquit
704 2171 953 2215 imperfectum,
977 2176 1088 2204 morte
1114 2176 1300 2214 correptus,
1327 2171 1546 2214 pontificatus

237 2244 290 2276 sui
309 2255 399 2277 anno
416 2245 549 2278 decimo
566 2248 698 2283 octavo,
718 2248 752 2277 et
770 2243 792 2276 J
795 2244 889 2277 acobi
909 2243 1057 2276 Secundi
1075 2254 1165 2277 anno
1186 2248 1321 2286 quarto,
1340 2243 1545 2277 Christianae
