1955 2807
317 324 356 350 20
770 320 1167 350 ABERDONENSIUM

316 430 392 462 liori
410 433 566 462 uteretur
583 428 732 466 fortuna,
759 429 872 471 ipsum
888 428 1092 467 Gilbertum,
1110 428 1348 461 secretioribus
1374 439 1489 461 rerum
1513 441 1616 474 agen-

316 502 438 533 darum
466 500 614 533 consiliis
642 500 831 539 admotum,
866 500 1088 533 suadentibus
1122 500 1321 544 majoribus,
1349 511 1451 532 suum
1480 502 1615 534 vocavit

317 572 556 604 cancellarium
572 583 578 603 :
598 582 701 614 quem
719 573 963 616 magistratum
981 576 1080 605 tanta
1096 572 1203 616 gessit
1220 572 1437 610 dexteritate,
1461 576 1500 605 ut
1517 583 1618 605 nemo

318 655 471 687 unquam
491 649 571 676 ante
587 645 721 688 majori.
773 643 880 677 Haud
897 645 1007 677 multo
1024 648 1112 687 post,
1130 654 1209 687 rege
1227 643 1380 676 Roberto
1398 644 1470 676 vita
1487 643 1616 682 functo,

316 715 489 748 Robertus
501 713 666 748 Albaniae
681 716 753 748 dux
769 716 927 758 idemque
942 715 1089 748 Fifensis
1104 726 1225 753 comes,
1243 716 1414 748 demortui
1431 716 1522 760 regis
1540 727 1616 760 ger-

315 798 449 826 manus,
467 788 629 825 interrex,
656 798 758 830 quem
776 787 1041 831 gubernatorem
1059 787 1168 819 nostri
1187 791 1320 825 vocant,
1338 788 1530 829 primorum
1547 788 1618 820 suf-

315 858 435 903 fragiis
447 864 591 892 creatur.
618 859 755 891 Interea
772 859 916 890 veniunt
929 859 1033 902 legati
1051 869 1072 890 a
1085 858 1207 890 Carolo
1221 857 1384 900 Septimo,
1404 858 1616 892 Francorum

316 941 405 974 rege,
423 932 467 962 ad
483 931 749 974 gubernatorem
767 934 870 973 atque
887 930 1054 972 primores
1072 930 1180 974 regni,
1207 934 1386 972 querentes
1405 931 1620 964 incommoda

316 1001 359 1034 ab
370 1000 500 1046 Anglis
515 1003 620 1041 illata,
638 1006 809 1034 recentem
823 1003 953 1034 cladem
971 1002 1063 1045 apud
1081 1001 1297 1034 Cresciacum
1313 1006 1347 1035 et
1360 1001 1548 1046 Blangium
1566 1013 1620 1035 ac-

316 1078 459 1116 ceptam,
478 1075 593 1106 onmia
610 1075 647 1107 in
664 1073 776 1106 Gallia
793 1074 1011 1106 adversitatis
1030 1078 1063 1106 et
1081 1074 1386 1106 commiserationis
1400 1075 1501 1117 plena
1515 1084 1522 1106 :
1546 1086 1621 1107 ora-

315 1145 399 1178 bant
416 1147 525 1178 nostri
543 1157 710 1178 memores
729 1151 841 1178 essent
859 1146 983 1178 veteris
1002 1146 1092 1178 inter
1104 1146 1196 1188 ipsos
1214 1146 1273 1178 icti
1288 1145 1436 1184 foederis,
1454 1146 1620 1179 hactenus

317 1217 484 1256 inviolati,
501 1219 686 1250 auxiliares
709 1219 887 1250 mitterent
911 1218 954 1250 ad
972 1218 1109 1256 amicos,
1136 1219 1178 1250 ad
1202 1218 1309 1250 socios
1330 1218 1519 1260 periculoso
1537 1219 1620 1251 adeo

318 1288 405 1321 bello
419 1289 612 1322 laborantes
626 1299 633 1321 ε
649 1301 750 1334 agros
764 1289 878 1322 Caroli
892 1290 1029 1322 nomine
1043 1290 1223 1332 praemium
1236 1293 1436 1327 statuentes,
1450 1290 1621 1333 majorum

318 1361 409 1402 apud
427 1360 543 1393 Gallos
561 1362 829 1405 magistratuum
852 1361 960 1394 officia
982 1365 1015 1393 et
1032 1362 1222 1403 pecuniam,
1240 1361 1277 1393 in
1294 1360 1406 1393 Gallia
1422 1362 1623 1404 trajicienti-

318 1432 427 1470 bus,si
441 1443 514 1464 rem
524 1432 736 1465 Francorum
750 1444 856 1475 prope
869 1433 952 1464 adeo
966 1433 1126 1475 periculo,
1134 1434 1237 1464 armis
1252 1435 1457 1464 conarentur
1467 1432 1621 1464 liberare.

319 1502 455 1536 Audita
473 1504 654 1548 benignius
668 1505 849 1548 legatione,
867 1514 1070 1546 responsum
1088 1515 1108 1535 a
1119 1503 1259 1541 nostris,
1272 1503 1484 1535 Francorum
1497 1504 1623 1537 incom-

318 1576 419 1607 moda
432 1575 573 1618 perinde
587 1580 690 1619 atque
704 1587 767 1608 sua
784 1586 855 1608 sese
869 1586 961 1619 aegre
975 1575 1064 1607 ferre
1076 1585 1084 1615 3
1100 1575 1227 1608 initum
1242 1574 1352 1607 foedus
1365 1585 1541 1617 nunquam
1562 1586 1623 1608 sua

319 1648 419 1690 culpa
435 1648 710 1681 labefactandum
725 1658 734 1687 ;
752 1649 884 1690 placere
898 1647 1056 1680 omnibus
1074 1647 1117 1679 ad
1133 1647 1282 1679 amicum
1299 1647 1465 1689 populum
1483 1647 1626 1679 auxilia-

320 1720 409 1751 rium
433 1721 548 1752 decem
572 1721 681 1753 millia
704 1718 785 1763 (quo
809 1720 919 1763 magis
937 1719 1116 1751 Scotorum
1139 1718 1245 1750 animi
1262 1718 1299 1750 in
1317 1717 1468 1750 Francos
1486 1718 1623 1762 dignos-

320 1792 490 1833 cerentur)
513 1792 650 1824 mittere
673 1792 709 1824 in
728 1791 875 1824 Galliam
892 1801 900 1829 ;
928 1795 1049 1823 caetera
1065 1800 1140 1833 quae
1157 1790 1193 1821 in
1211 1800 1250 1821 eo
1267 1789 1406 1832 negotio
1424 1789 1556 1832 agenda
1573 1789 1622 1821 fo-

320 1867 396 1894 rent
410 1862 524 1895 Caroli
542 1863 633 1906 regis
651 1863 882 1905 permittenda
899 1862 1052 1895 arbitrio.
1106 1860 1227 1903 Neque
1244 1871 1298 1893 res
1316 1861 1515 1893 dilationem
1533 1870 1624 1893 acce-

320 1935 392 1977 pit;
420 1935 608 1967 mittuntur
626 1935 715 1967 illico
732 1935 769 1967 in
781 1934 929 1966 Galliam
944 1944 1055 1966 comes
1068 1933 1289 1977 Douglasius‚
1307 1936 1341 1964 et
1358 1942 1468 1964 comes
1483 1931 1624 1974 Bouqu-

320 2006 444 2044 haniae,
472 2017 550 2038 cuni
575 2007 783 2039 delectorum
812 2006 964 2038 militum
991 2005 1106 2037 decem
1133 2003 1296 2042 millibus,
1324 2004 1383 2046 qui
1410 2002 1552 2035 Francis
1579 2004 1622 2035 ad

322 2076 522 2122 Anglorum
536 2079 607 2111 vim
625 2079 805 2110 arcendam
816 2078 990 2120 suppetias
1008 2076 1137 2108 ferrent
1150 2085 1158 2108 ε
1181 2076 1334 2108 mittitur
1350 2079 1384 2108 et
1400 2078 1516 2107 noster
1532 2074 1623 2118 lega-

320 2154 376 2181 tus
394 2160 414 2181 a
430 2150 658 2193 gubernatore
681 2154 783 2192 atque
801 2148 1060 2193 magistratibus
1083 2149 1125 2180 ad
1143 2147 1316 2185 Carolum,
1333 2146 1392 2189 qui
1411 2156 1526 2189 regem
1544 2156 1622 2177 con-

320 2221 497 2259 solaretur,
515 2226 549 2253 et
567 2222 745 2254 certiorem
763 2221 899 2258 faceret,
914 2231 969 2252 eos
987 2221 1046 2263 qui
1066 2219 1212 2252 Galliam
1229 2218 1444 2262 adjuverant,
1462 2222 1495 2249 et
1513 2217 1619 2249 totius
