1955 2807
684 303 1015 336 EPISCOPORUM
1037 302 1166 333 VITAE.
1542 306 1578 333 13

270 419 380 447 torem
399 413 609 448 Christianae
632 412 809 459 religionis
833 414 1189 450 observantissimum,
1216 411 1368 444 canonici
1395 411 1579 445 sufficiunt.

270 485 304 518 Is
323 485 463 519 obtento
481 487 688 530 magistratu
705 487 748 518 ad
765 486 941 530 religionis
959 490 993 518 et
1011 486 1148 528 pietatis
1168 484 1430 527 reparationem,
1454 485 1579 527 praedi-

271 558 461 591 cationibus
479 563 513 590 et
530 557 789 595 monitionibus,
807 556 932 599 quibus
950 557 1141 599 plurimum
1161 557 1204 589 ob
1221 557 1413 589 doctrinam
1433 557 1579 595 valebat,

271 631 361 663 illico
379 641 414 678 se
433 634 545 662 totum
563 630 719 662 contulit.
771 628 874 667 Quod
891 633 931 661 ut
948 628 1083 661 facilius
1109 633 1384 671 consequeretur,
1402 629 1584 672 disciplina

273 702 501 734 ecclesiastica
518 701 670 734 eruditos
688 701 917 744 undequaque
931 701 1085 743 praemiis
1104 701 1147 733 ad
1165 711 1200 733 se
1218 701 1355 733 allectos
1370 711 1484 733 secum
1499 712 1587 734 sem-

272 784 333 816 per
350 784 422 806 esse
440 774 560 806 voluit.
613 772 749 816 Hyeme
767 773 956 806 Murthlaci
975 772 1157 811 habitavit,
1180 783 1259 805 vere
1277 772 1498 811 Aberdoniae,
1516 784 1585 816 quo

274 845 628 890 quadragesimalibus
652 847 756 878 sacris
780 846 861 878 illuc
885 845 1094 878 confluentes
1118 846 1247 884 docere,
1274 845 1317 878 ab
1344 857 1444 889 aequo
1468 846 1585 878 devios

274 929 368 952 more
386 918 509 962 punire
527 918 763 956 ecclesiastico,
784 916 949 950 Paschale
967 928 1102 950 sacrum
1120 918 1306 950 solenniori
1324 922 1494 960 apparatu
1511 928 1587 961 per-

275 1002 376 1035 agere
401 990 510 1033 possit
535 990 772 1029 commodius3
803 994 923 1023 aestate
947 994 982 1023 et
1007 994 1176 1023 autumno
1198 989 1389 1033 Feterneyr
1412 994 1446 1022 et
1471 990 1587 1023 Rain:

276 1067 316 1095 ut
329 1062 407 1095 inde
421 1063 458 1094 in
471 1072 608 1094 omnem
623 1062 776 1095 dioecesis
789 1063 903 1094 locum
915 1062 958 1094 ad
971 1063 1138 1105 populum
1150 1062 1376 1094 erudiendum
1388 1073 1588 1106 erroresque

276 1135 350 1178 ejus
369 1134 598 1166 emendandos
621 1133 756 1166 facilius
780 1134 901 1172 iretur,
925 1133 1151 1177 praefatorum
1172 1134 1319 1178 singulis
1338 1139 1488 1177 quatuor
1506 1136 1588 1168 locis

277 1205 486 1249 pontificales
508 1205 598 1238 aedes
617 1203 717 1248 (quas
739 1207 899 1249 praesulis
922 1206 1117 1238 mansiones
1140 1206 1373 1250 appellabant)
1392 1211 1589 1239 construere

277 1278 429 1321 incepit3
460 1278 546 1310 duas
572 1277 731 1317 absolvit,
752 1279 897 1311 alteram
915 1277 1137 1317 Aberdoniae,
1161 1279 1305 1311 alteram
1329 1279 1365 1310 in
1384 1278 1591 1322 Fetyrneyr,

280 1350 398 1383 bellico
423 1351 579 1383 tumultu
596 1361 665 1393 quo
683 1355 759 1383 tum
777 1349 887 1395 Angli
910 1362 989 1383 cum
1007 1350 1175 1383 Eduardo
1196 1351 1237 1383 de
1256 1350 1404 1383 Balliolo
1427 1361 1591 1395 magnam

280 1423 430 1467 regionis
447 1426 582 1465 partem
600 1423 818 1461 attriverant,
837 1423 931 1455 varie
949 1422 1120 1456 turbatus.
1152 1422 1220 1455 Per
1237 1423 1272 1455 id
1291 1426 1427 1465 tempus
1446 1423 1593 1467 triginta

282 1506 386 1528 naves
412 1495 616 1539 Anglicanae
646 1495 683 1527 in
713 1496 861 1528 statione
892 1496 1010 1538 portui
1034 1494 1275 1527 Aberdonensi
1306 1495 1466 1537 proxima
1490 1500 1594 1528 noctu

278 1569 390 1613 jecere
415 1568 593 1606 anchoras,
619 1568 711 1600 unde
736 1568 902 1611 expositae
921 1569 1028 1611 copiae
1046 1569 1083 1600 in
1101 1572 1230 1601 terram
1248 1578 1334 1610 pene
1357 1566 1594 1600 Aberdoniam

282 1641 378 1684 prius
396 1644 478 1673 sunt
495 1641 661 1685 ingressae
679 1651 784 1684 quam
804 1641 895 1673 cives
914 1651 970 1673 eas
988 1640 1167 1672 advenisse
1185 1626 1376 1672 senserunt.
1421 1638 1595 1682 Sequutus

282 1724 391 1756 pavor
401 1713 534 1757 ingens,
546 1717 725 1756 terrorque
737 1713 904 1751 omnium,
913 1717 953 1745 ut
964 1712 1348 1750 h01ninum,1nulierum
1360 1715 1463 1754 atque
1475 1722 1598 1754 puero-

283 1797 361 1818 rum
385 1785 595 1829 fugientium
621 1784 746 1818 turmis
769 1785 898 1828 passim
920 1785 987 1817 viae
1008 1785 1271 1828 complerentur.
1322 1782 1433 1828 Angli
1459 1787 1598 1826 accepta

285 1858 378 1890 clade
391 1857 503 1902 (cujus
515 1862 594 1890 ante
608 1858 843 1900 meminimus)
851 1858 941 1900 apud
949 1856 1196 1895 Aberdoniam,
1208 1857 1260 1888 ira
1270 1856 1391 1899 perciti
1406 1855 1597 1898 complures

285 1928 585 1962 Aberdonensium
604 1930 803 1962 trucidant:
829 1929 950 1962 m·bem
969 1929 1073 1962 simul
1090 1933 1194 1972 atque
1211 1928 1382 1971 pontificis
1405 1932 1439 1960 et
1461 1928 1598 1960 canoni-

286 2012 405 2034 corum
419 2001 509 2034 aedes
523 2002 617 2033 omni
631 2002 834 2044 supellectili
847 2002 1029 2045 populatas
1047 2002 1246 2034 incendunt.
1286 2000 1387 2033 Arsit
1400 1999 1601 2032 Aberdonia

287 2084 349 2106 sex
362 2074 445 2112 dies,
463 2073 609 2117 lugubre
623 2073 839 2106 intuentibus
857 2074 1100 2116 spectaculum.
1128 2073 1313 2116 Pepercere
1328 2072 1444 2104 hostes
1462 2071 1600 2114 templis

288 2146 415 2189 pietate
432 2146 517 2178 moti
535 2155 542 2178 z
568 2145 810 2190 religiosorum
827 2156 964 2188 quoque
982 2145 1140 2184 abbatiis,
1158 2144 1357 2177 custodibus
1376 2143 1540 2176 adhibitis
1558 2154 1601 2176 ne

288 2218 439 2251 torribus
453 2217 618 2252 faculisve
633 2222 737 2251 vento
754 2228 816 2261 per
834 2228 913 2250 aera
930 2217 1026 2257 actis,
1045 2217 1105 2260 qui
1124 2221 1200 2250 tum
1218 2216 1307 2250 forte
1326 2216 1511 2249 vehemens
1529 2221 1602 2249 erat
