1955 2807
133 461 223 495 A.D.
244 464 347 497 1333.

129 967 173 1000 A.
185 967 228 1000 D.
250 972 352 1004 1341.

381 287 417 314 14
835 284 1232 315 ABERDONENSIUM

378 393 574 431 admodum,
592 393 675 436 quid
693 392 810 424 damni
827 396 1038 435 paterentur.
1094 392 1177 425 Fuit
1196 403 1307 425 annus
1325 403 1393 435 quo
1411 391 1609 426 Aberdonia
1625 393 1680 425 fu-

374 470 508 498 nestam
534 464 622 497 hanc
644 464 774 496 cladem
798 464 927 507 accepit
945 475 965 496 a
982 463 1123 497 Christo
1141 464 1319 496 incarnato
1337 464 1460 497 tertius
1483 474 1588 507 supra
1604 465 1681 497 mil-

375 537 534 569 lesimum
553 540 606 568 ter
623 535 847 568 centesimum
867 536 1087 568 tricesimum.
1123 535 1304 569 Interhaec
1322 537 1537 569 incommoda
1550 538 1679 579 praesul

375 608 574 641 Alexander
591 607 783 640 eruditione
801 611 834 640 et
846 608 972 650 pietate
989 608 1146 652 insignis,
1168 608 1254 640 nihil
1270 609 1431 641 omittens
1449 609 1540 651 quod
1559 609 1601 641 ad
1620 619 1679 652 op-

374 680 500 713 timum
519 683 692 723 pastorem
710 680 856 712 attinere
874 679 1013 717 diceres,
1030 680 1153 712 ultima
1166 685 1302 712 naturae
1316 681 1480 723 persolvit
1498 681 1678 713 undecimo

372 752 597 796 magistratus
616 752 670 784 sui
688 762 790 790 anno,
808 755 841 784 et
859 750 1004 784 Davidis
1022 751 1162 784 secundi
1180 752 1390 784 duodecimo.

423 896 465 929 In
491 896 681 929 Alexandri
707 897 819 929 locum
837 895 1146 928 WILHELMUS
1172 895 1239 928 DE
1266 895 1404 928 DEYN
1421 896 1677 929 Aberdonensis

371 967 549 1011 episcopus
563 972 709 1005 creatur,
725 978 816 1000 anno
829 968 950 1000 salutis
965 972 1093 1000 nostrae
1106 968 1288 1000 millesimo
1305 965 1578 1012 [trecentesimo]
1594 979 1678 1011 qua-

370 1040 566 1084 dragesimo
583 1040 706 1082 primo.
754 1039 788 1072 Is
806 1050 902 1072 sacro
919 1040 1126 1084 magistratu
1144 1040 1274 1083 potitus
1293 1039 1336 1072 ob
1353 1040 1432 1072 belli
1450 1041 1675 1078 incommoda,

367 1112 493 1155 quibus
510 1116 592 1144 tunc
604 1112 720 1144 omnia
733 1116 831 1144 erant
844 1112 955 1154 plena,
974 1112 1066 1155 quod
1083 1112 1126 1144 ad
1140 1111 1268 1144 bonum
1287 1112 1411 1144 attinet
1428 1116 1601 1154 pastorem
1616 1113 1674 1145 vix

367 1184 553 1227 quicquam
571 1184 693 1227 exequi
711 1187 856 1226 poterat.
903 1183 969 1216 Sed
988 1183 1119 1216 Scotica
1137 1195 1174 1216 re
1192 1184 1331 1216 tandem
1350 1183 1550 1226 respirante,
1568 1184 1675 1217 hosti-

366 1256 430 1288 bus
448 1256 566 1298 procul
580 1256 675 1293 actis,
687 1255 831 1288 aedificia
847 1255 890 1287 ab
904 1254 1103 1288 Alexandro
1121 1255 1281 1288 inchoata
1298 1256 1455 1293 absolvit,
1473 1256 1588 1289 diruta
1599 1255 1673 1289 An-

365 1328 463 1372 glieis
483 1328 588 1360 armis
606 1328 758 1360 restituit
774 1339 780 1359 :
799 1327 924 1371 quibus
942 1332 976 1360 et
989 1328 1156 1365 custodes,
1175 1338 1260 1370 quos
1279 1327 1548 1360 constabularios
1567 1329 1672 1372 vulgo

366 1401 522 1439 dicimus,
549 1400 707 1432 adhibuit
730 1403 924 1442 perpetuos,
950 1399 1137 1432 constituto
1155 1399 1281 1431 eisdem
1303 1400 1400 1443 justo
1426 1399 1461 1431 in
1487 1410 1595 1432 annos
1622 1410 1674 1432 sa-

364 1473 460 1505 lario.
504 1471 577 1504 Nec
594 1483 718 1515 parum
736 1471 862 1504 laboris
879 1475 953 1504 erat
970 1471 1134 1514 pontifici,
1153 1471 1389 1503 silvescentem
1407 1471 1536 1503 clerum
1554 1470 1673 1504 bellico

366 1545 520 1577 tumultu
534 1544 577 1576 ad
590 1543 846 1586 compositiores
863 1553 975 1576 mores
993 1553 1163 1575 revocare.
1193 1542 1294 1580 Quod
1312 1542 1371 1575 ubi
1389 1542 1578 1575 incredibili
1597 1543 1671 1575 dili-

364 1616 482 1661 gentia
499 1620 688 1660 peregerat,
710 1620 894 1658 postquam
913 1616 1028 1648 decem
1047 1615 1180 1648 sederat
1200 1625 1321 1652 annOS,
1342 1618 1452 1646 morte
1470 1619 1521 1647 est
1539 1625 1672 1657 correp-

365 1692 432 1727 tus,
458 1688 604 1721 Davidis
631 1688 770 1721 secundi
797 1698 888 1720 anno
915 1688 1028 1730 primo
1053 1697 1159 1729 supra
1184 1686 1396 1718 vicesimum.
1447 1685 1609 1728 Sepultus
1635 1686 1669 1718 in

365 1760 469 1793 choro
486 1759 743 1792 Aberdonensis
761 1759 921 1793 basilicae.

414 1904 498 1937 Post
514 1915 617 1947 quem
635 1903 658 1936 J
662 1903 864 1936 OANNES
884 1902 1007 1936 RAIT
1022 1903 1140 1936 doctor
1158 1902 1350 1947 theologus,
1368 1903 1518 1935 scientiis
1545 1903 1672 1936 divinis

364 1977 519 2019 apprime
533 1976 700 2014 eruditus,
719 1975 960 2008 canonicorum
978 1975 1152 2019 suffragiis
1168 1979 1302 2007 creatus
1320 1975 1474 2013 antistes,
1495 1975 1670 2017 privatum

364 2048 532 2090 deposuit,
559 2048 735 2091 publicum
754 2047 868 2080 induit
884 2059 890 2079 :
918 2051 1084 2090 tyrannos
1102 2047 1269 2090 quosdam
1288 2047 1348 2090 qui
1366 2046 1604 2079 Aberdonensi
1622 2057 1673 2079 ec-

363 2120 474 2152 clesiae
492 2131 593 2164 agros
612 2124 645 2152 et
663 2120 794 2163 praedia
810 2119 931 2152 bellica
947 2119 1050 2152 turba
1067 2118 1321 2157 subtraxerant,
1347 2117 1618 2150 execrationibus
1636 2123 1669 2151 et

362 2191 544 2224 interdicto
561 2196 612 2225 est
629 2196 830 2235 prosecutus
845 2201 853 2231 ;
881 2191 1052 2224 dioecesim
1069 2191 1254 2234 quotannis
1279 2190 1395 2233 paucis
1414 2189 1595 2223 comitibus
1613 2190 1671 2222 do-
