1955 2807
673 337 1002 370 EPISCOPORUM
1026 336 1153 366 VITAE.
1536 332 1573 359 17

267 462 312 488 tae
326 453 476 490 fucrant,
487 461 595 494 quum
609 448 817 486 Alexander,
832 446 977 479 Roberti
990 445 1081 489 regis
1095 441 1242 476 Secundi
1256 440 1432 477 mandato,
1446 439 1573 482 prima-

266 532 409 568 tumque
432 522 602 557 sententia
624 525 658 553 et
683 519 900 556 auctoritate,
925 518 968 549 ad
992 517 1206 548 Francorum
1231 523 1348 557 regem
1371 511 1498 544 missus
1522 515 1571 543 est

268 600 401 642 legatus
415 596 458 628 ad
472 594 657 637 pristinum
672 591 783 623 foedus
797 589 1044 622 renovandum.
1072 587 1164 619 Tum
1183 586 1275 618 enim
1289 584 1409 628 Angli,
1428 583 1573 627 trajecto

269 669 420 702 exercitu
438 665 615 701 Calisium,
636 662 755 695 multis
775 659 1056 705 populationibus
1075 657 1255 690 Gallorum
1280 666 1380 699 agros
1398 660 1432 687 et
1449 654 1573 697 oppida

269 739 449 773 vexabant.
492 737 570 775 Qua
587 735 757 780 legatione
775 745 817 766 ex
835 732 1005 765 sententia
1022 730 1162 763 functus
1180 727 1347 771 pontifex,
1365 727 1506 759 domum
1524 735 1575 757 re-

268 822 398 849 versus,
424 811 484 842 vix
509 818 639 842 annum
669 806 850 850 superfuit.
901 804 1056 837 Decessit
1082 806 1197 835 autem
1225 800 1345 833 Sconae
1377 797 1575 842 stranguria

271 883 377 928 (aegre
403 886 505 914 eunte
530 881 629 924 lotio)
647 883 829 922 postquam
847 881 997 920 quatuor
1014 886 1119 918 supra
1136 873 1262 918 viginti
1281 882 1389 905 annos
1409 870 1575 903 tenuisset

270 954 518 998 pontificatum,
542 956 575 984 et
602 950 747 984 Roberti
778 949 926 981 Secundi
950 947 1177 980 duodecimo:
1211 945 1309 988 cujus
1344 954 1466 986 corpus
1497 942 1576 974 inde
1594 943 1637 977 A.
1653 943 1695 976 D.
1718 944 1822 974 1389.

271 1028 399 1059 elatum
413 1029 492 1058 ante
506 1034 601 1056 aram
616 1021 819 1055 cathedralis
834 1020 965 1063 templi,
980 1030 1049 1062 qua
1066 1029 1193 1062 pompa
1210 1015 1349 1049 decebat
1368 1015 1575 1058 episcopum,-

272 1098 421 1130 traditur
439 1096 636 1139 sepulturae.

320 1239 550 1282 Posteaquam
568 1236 766 1270 Alexander
783 1235 864 1268 fatis
882 1238 1103 1272 concesserat,
1122 1231 1268 1266 ADAM
1282 1230 1349 1264 DE
1366 1229 1579 1263 TYNNIN-

272 1310 530 1349 GAlx1ME‚vir
540 1309 675 1346 nobilis,
687 1308 915 1352 plurimaeque
927 1307 1017 1339 inter
1028 1317 1107 1339 suos
1120 1304 1346 1342 auctoritatis,
1354 1302 1579 1335 Aberdonen—

272 1395 343 1418 sem
354 1384 433 1416 iniit
445 1381 692 1426 pontificatum.
715 1380 804 1412 Erat
815 1380 844 1412 is
856 1379 1010 1412 Roberto
1021 1379 1094 1422 regi
1108 1377 1299 1414 familiaris,
1312 1380 1356 1414 et,
1367 1376 1578 1419 singularem

275 1456 318 1488 ob
331 1454 561 1498 prudentiam,
575 1463 780 1494 morumque
794 1451 986 1489 candorem,
1001 1454 1035 1482 et
1048 1449 1178 1493 ingenii
1192 1448 1396 1485 ubertatem,
1410 1447 1509 1490 regni
1522 1457 1581 1489 pa-

276 1526 387 1560 tribus
406 1529 573 1568 acceptus,
592 1524 675 1556 adeo
695 1528 746 1560 ut,
764 1523 897 1566 quoties
916 1522 1063 1554 arduum
1087 1520 1217 1564 aliquid
1241 1521 1277 1552 in
1295 1519 1582 1552 consultationem

277 1599 515 1635 adduceretur,
533 1597 606 1640 ejus
625 1595 796 1627 sententia
813 1594 849 1626 in
867 1594 988 1637 primis
1006 1593 1099 1636 apud
1116 1603 1171 1625 eos
1190 1593 1329 1625 valeret.
1377 1591 1583 1635 Legationes

277 1670 468 1713 complures
487 1668 530 1700 ad
548 1667 761 1700 Francorum
780 1677 908 1711 regem,
935 1669 969 1698 et
988 1666 1145 1708 privatus
1164 1669 1198 1697 et
1221 1664 1389 1707 publicus,
1415 1673 1478 1706 pro
1498 1662 1585 1695 utri-

279 1752 387 1784 usque
408 1741 507 1785 regni
525 1739 688 1772 felicitate
706 1739 824 1771 obivit.
875 1737 1018 1771 Veteres
1036 1736 1174 1769 foederis
1192 1736 1404 1769 conditiones
1421 1734 1584 1771 firmavit,

280 1824 386 1846 novas
412 1812 590 1855 quasdam,
613 1811 795 1853 utriusque
820 1810 912 1854 regis
936 1809 1152 1847 auctoritate,
1176 1807 1423 1851 superaddidit.
1475 1806 1586 1850 Lega-

280 1884 431 1917 tionibus
449 1883 593 1916 feliciter
616 1882 828 1926 perfunctus,
846 1892 924 1914 cum
948 1881 1093 1924 publicis
1117 1880 1264 1924 negotiis
1286 1883 1379 1912 totus
1401 1879 1585 1915 insisteret,

281 1956 512 1988 obtrectorum
530 1959 563 1987 et
582 1956 773 1988 delatorum
792 1954 1010 1997 quorundam
1028 1953 1171 1990 malitia,
1190 1951 1342 1984 Roberto
1360 1951 1433 1994 regi
1451 1960 1586 1992 suspec-

282 2032 338 2060 tus
357 2037 429 2059 esse
447 2026 559 2069 coepit,
577 2037 620 2058 ne
638 2027 673 2058 in
690 2025 831 2058 ferenda
847 2026 922 2069 lege
940 2035 1042 2067 super
1060 2035 1182 2068 regum
1201 2023 1413 2056 successione
1431 2032 1509 2054 cum
1527 2031 1586 2064 op-

283 2098 463 2131 timatibus
482 2098 689 2141 quibusdam
708 2096 846 2140 (quibus
864 2098 920 2129 lex
937 2108 976 2129 ea
994 2096 1181 2138 displicuit)
1205 2095 1357 2127 sentiret.
1409 2091 1487 2136 Ipse
1505 2103 1586 2125 vero

282 2169 456 2209 Adamus,
474 2181 537 2202 sua
554 2169 750 2202 innocentia
768 2168 888 2207 fretus,
906 2173 946 2200 ut
963 2178 1078 2211 regem
1103 2167 1295 2210 suspicione
1318 2167 1458 2204 levaret,
1477 2164 1587 2198 Aber-

284 2243 423 2276 doniam
437 2242 532 2281 adiit,
540 2242 597 2281 ibi,
611 2242 872 2286 ingravescente
883 2244 993 2278 aetate,
1005 2238 1179 2272 laboribus
1192 2239 1402 2278 fessus,vitae
1416 2239 1588 2281 reliquum

924 2313 945 2337 e
