1955 2807
728 326 1058 358 EPISCOPORUM
1082 325 1208 357 VITAE.
1580 331 1619 357 83

313 436 464 469 attinent
486 435 703 468 commodum
729 440 764 469 et
789 436 955 474 decorem,
981 437 1127 479 paucula
1152 436 1411 480 subjungentes,
1437 447 1618 479 proseque-

312 518 400 541 mur.
427 508 514 546 Quis
532 507 741 541 lVilhelmus
759 507 865 540 fuerit
883 512 965 540 tuus
983 512 1186 547 antecessor,
1205 509 1295 541 inter
1308 519 1410 551 quem
1429 513 1463 541 et
1481 514 1513 541 tc
1531 509 1618 541 divi-

311 590 356 612 no
381 584 470 613 nutu
489 579 541 620 (ut
566 589 707 622 aequum
727 583 779 612 est
796 579 946 622 credere)
966 580 1101 617 tertius,
1119 591 1161 612 ne
1181 585 1333 613 vestrum
1360 581 1531 623 quispiam
1556 592 1618 613 suo

311 656 441 684 careret
465 650 657 694 splendore,
683 650 885 695 interjectus
903 656 966 689 est,
992 652 1115 695 quanti
1142 652 1233 694 apud
1252 663 1330 684 eum
1353 653 1549 695 reipublicae
1567 664 1620 685 sa-

311 724 375 761 lus,
402 722 524 766 quanti
549 722 689 756 divinus
706 723 830 761 cultus,
857 723 985 766 optime
1012 724 1112 756 nosti.
1165 723 1200 756 Is
1228 724 1318 756 inter
1344 725 1412 756 otia
1441 726 1618 768 negotium

309 805 482 839 quaerens,
499 800 539 828 ut
557 805 621 828 sua
637 795 790 828 dioecesis
809 795 918 828 literis
944 795 1099 838 polleret,
1125 796 1317 839 splenderet
1337 795 1538 834 virtutibus,
1557 796 1620 831 hoc

309 866 555 900 Aberdonense
580 868 738 912 generale
764 877 933 900 musaeum
960 868 1079 900 multis
1105 868 1269 910 impensis
1296 868 1459 906 instituit,
1486 868 1617 911 hocque

310 939 503 973 venerabile
525 940 678 973 condidit
705 939 897 984 collegium,
924 940 1027 983 quod,
1049 950 1067 972 e
1088 940 1200 972 medio
1223 940 1299 972 dira
1323 944 1434 973 morte
1462 939 1617 973 sublatus

311 1010 404 1056 (quae
421 1017 496 1046 tum
514 1012 664 1045 maxime
681 1012 1033 1055 mortalesopprimit,
1047 1023 1156 1055 quum
1175 1012 1280 1045 nullae
1298 1011 1342 1044 ab
1355 1023 1394 1044 ea
1413 1017 1618 1045 metuuntur

309 1085 454 1128 insidiae)
473 1085 627 1118 nondum
645 1083 846 1127 perfectum,
863 1083 1004 1126 reliquit
1021 1083 1084 1116 tibi
1102 1084 1354 1126 complendum,
1377 1094 1480 1127 quem
1508 1095 1618 1116 unum

308 1157 399 1190 inter
416 1160 468 1189 tot
486 1156 667 1188 hominum
693 1155 802 1188 millia
827 1166 962 1199 semper
978 1156 1113 1199 optavit
1136 1166 1376 1189 successorem.
1428 1156 1537 1200 Deyae
1556 1157 1618 1190 flu-

307 1228 411 1261 minis
428 1231 593 1271 praeterea
616 1231 768 1270 pontem,
792 1238 878 1270 opus
904 1228 969 1260 etsi
986 1227 1208 1266 laboriosum,
1234 1228 1276 1260 ad
1301 1227 1477 1271 publicum
1502 1234 1618 1262 tamen

308 1301 525 1334 commodum
553 1300 856 1343 pernecessarium,
885 1300 1029 1332 condere
1058 1300 1197 1343 incepit,
1232 1300 1438 1343 comparatis
1467 1311 1546 1343 quae
1575 1303 1618 1333 ad

308 1383 470 1417 magnam
488 1372 600 1415 operis
615 1376 748 1414 partem
766 1372 1073 1404 consummandam
1091 1371 1244 1404 sufficere
1262 1371 1478 1404 videbantur.
1526 1372 1619 1405 Mul—

310 1450 344 1477 ta
361 1454 544 1477 aureorum
560 1443 669 1476 millia
686 1443 729 1476 ad
744 1444 855 1487 operis
870 1444 1204 1477 consummationem
1217 1443 1397 1476 &vilhelmi
1412 1448 1618 1478 testamento

309 1518 432 1561 legata,
449 1527 529 1559 quae
547 1516 671 1560 majori
689 1526 731 1548 ex
749 1520 846 1559 parte
864 1515 989 1554 ablata,
1007 1516 1202 1559 compilata,
1220 1516 1366 1559 direpta,
1384 1527 1564 1560 nunquam
1582 1518 1618 1550 in

308 1587 488 1621 wilhelmi
502 1588 691 1621 destinatos
705 1598 799 1626 usus,
818 1588 884 1621 nisi
899 1588 1052 1631 impense
1065 1589 1201 1632 juveris
1216 1599 1254 1621 ac
1266 1589 1424 1633 jusseris,
1444 1589 1619 1622 conferen-

309 1662 362 1693 da.
382 1661 532 1693 Oramus
545 1660 681 1698 idcirco,
695 1660 826 1703 optime
837 1661 966 1703 praesul
980 1659 1173 1701 (exoremus
1185 1661 1272 1704 sine)
1287 1666 1348 1694 tua
1361 1672 1425 1704 pro
1437 1662 1617 1706 dignitate,

310 1738 427 1766 nostra
445 1743 507 1775 pro
525 1733 635 1765 salute
648 1730 843 1775 (utriusque
856 1733 1024 1766 rationem
1037 1733 1153 1771 habes,
1166 1733 1306 1776 scimus)
1321 1734 1448 1766 nostris
1465 1735 1548 1774 (tuis
1560 1746 1619 1777 po-

310 1806 393 1847 tius)
411 1805 512 1838 rebus
530 1805 668 1838 consule
683 1814 690 1837 :
716 1804 770 1837 fac
788 1809 850 1837 tua
867 1816 971 1848 opera
988 1810 1021 1838 et
1045 1806 1250 1838 auctoritate
1271 1805 1369 1838 nobis
1389 1805 1504 1838 ablata
1521 1807 1618 1839 resti-

311 1881 464 1915 tuantur,
491 1888 565 1920 quae
591 1877 761 1920 supremis
786 1876 899 1910 verbis
930 1877 1055 1910 horum
1081 1878 1237 1910 conditor
1267 1879 1338 1910 suis
1369 1879 1558 1917 mandavit,
1585 1884 1617 1912 te

310 1955 448 1982 auctore
465 1954 770 1982 consummentur:
796 1959 1046 1992 consequamur
1072 1950 1195 1994 legata,
1217 1955 1257 1983 ut
1282 1950 1422 1993 perinde
1448 1955 1551 1993 atque
1578 1951 1616 1982 il-

311 2023 382 2054 lum
407 2032 480 2059 sua,
502 2026 535 2053 te
561 2026 622 2053 tua
648 2021 812 2063 praeclara
837 2026 935 2064 gesta
961 2022 1159 2064 praedicent,
1185 2022 1401 2065 secundoque
1428 2021 1617 2055 habeamus

311 2104 373 2136 pro
390 2094 575 2126 conditore.
629 2091 715 2125 Haec
741 2092 799 2124 ubi
826 2097 997 2134 perorata,
1024 2094 1198 2136 extemplo
1224 2094 1401 2136 respondit
1427 2095 1615 2137 episcopus,

311 2169 447 2209 gratam
465 2165 530 2197 sibi
548 2164 804 2197 Aberdonensis
831 2165 999 2208 generalis
1025 2165 1151 2197 scholae
1177 2166 1430 2204 salutationem,
1452 2171 1616 2199 rectorem

314 2238 473 2281 virosque
491 2238 527 2270 in
545 2248 584 2270 ea
602 2237 709 2270 literis
728 2236 860 2269 deditos
879 2237 1064 2270 admodum
1083 2242 1236 2280 acceptos
1252 2248 1260 2276 3
1281 2238 1405 2281 quibus
1428 2244 1467 2271 ut
1484 2239 1621 2281 prodes-
