1955 2807
321 338 360 365 26
777 333 1173 364 ABERDONENSIUM

320 453 416 475 mum
434 447 468 475 et
486 443 605 476 vivum
623 447 656 475 et
673 447 851 475 mortuum
873 443 1067 475 reverentia
1087 441 1392 485 prosequebantur.
1444 442 1622 478 Humatur

320 515 357 547 in
375 514 477 547 choro
495 514 753 547 Aberdonensis
767 514 928 553 basilicae,
945 514 1005 547 ubi
1023 515 1128 547 moles
1141 515 1226 558 ejus,
1241 525 1318 547 cum
1333 514 1442 558 effigie
1456 516 1561 558 lapidi
1572 527 1625 548 ar—

319 585 459 618 tificiose
473 587 555 619 satis
570 587 751 630 insculpta,
765 586 929 620 celebrem
944 587 978 618 in
994 587 1061 618 viri
1075 586 1278 618 memoriam
1293 590 1411 629 postea
1424 597 1485 629 per
1497 588 1622 620 amicos

319 662 370 690 est
387 662 570 691 exstructa.

368 802 575 836 THOMAS
592 803 671 835 inde
689 801 851 840 SPENS‚
869 802 1012 844 antiqua
1030 802 1103 844 ejus
1121 801 1234 844 gentis
1247 811 1289 833 ex
1305 800 1447 839 familia,
1465 800 1619 834 Aberdo-

318 885 459 907 nensem
485 874 722 917 pontificatum
747 878 798 905 est
824 873 979 915 adeptus,
1000 873 1055 904 vir
1080 872 1270 904 incredibili
1293 873 1499 914 prudentia3
1526 874 1618 916 quod

318 947 517 979 continuata
534 946 570 977 in
588 955 665 977 eum
685 943 922 977 benevolentia
938 955 1070 988 regum,
1089 944 1186 976 varia
1202 954 1451 986 nonnunquam
1470 945 1619 976 sentien-

318 1018 405 1050 tium
425 1015 478 1058 (ut
495 1017 672 1060 sequentia
689 1016 872 1060 docebunt)
897 1020 974 1059 apte
997 1017 1219 1048 demonstrat.
1270 1015 1359 1048 Erat
1378 1015 1530 1047 Thomas
1549 1017 1617 1048 acri

317 1100 450 1132 semper
467 1089 606 1133 ingenio
630 1093 663 1121 et
687 1089 730 1120 ad
752 1099 878 1132 magna
894 1088 1044 1132 gerenda
1067 1088 1330 1120 accommodato.
1382 1086 1486 1119 Hunc
1504 1088 1618 1130 priva-

317 1166 391 1194 tum
409 1161 558 1194 Jacobus
583 1160 758 1192 Secundus
775 1160 967 1202 praecipuos
990 1159 1112 1191 habuit
1134 1159 1226 1191 inter
1249 1159 1398 1191 amicos:
1424 1159 1618 1201 donatoque

317 1232 556 1265 Gallovidiano
580 1232 868 1270 archidiaconatu,
887 1232 990 1264 simul
1007 1235 1111 1274 atque
1129 1231 1369 1263 Lincloudana
1395 1232 1616 1263 ecclesiastica

316 1304 532 1348 praefectura,
550 1305 592 1336 ad
607 1304 770 1336 Carolum
783 1304 987 1346 Septimum,
1002 1303 1215 1336 Francorum
1233 1314 1361 1347 regem,
1379 1304 1487 1335 mittit
1506 1308 1617 1336 orato-

316 1387 399 1414 rem,
411 1377 454 1408 ad
464 1377 630 1408 nonnulla
638 1387 717 1418 quae
728 1376 772 1408 ad
782 1377 962 1418 utriusque
973 1375 1063 1419 regis
1075 1375 1291 1408 commodum
1305 1375 1504 1417 spectabant
1515 1376 1617 1408 confi-

317 1449 444 1487 cienda,
459 1449 740 1492 gratulatumque
754 1448 845 1491 quod
859 1453 937 1490 post
950 1458 1036 1490 pene
1050 1447 1179 1480 victam
1192 1446 1379 1484 fortunam,
1397 1447 1566 1489 principio
1580 1448 1615 1479 in

317 1532 393 1554 eum
413 1521 496 1553 adeo
513 1521 767 1558 desaevientem,
784 1530 931 1564 regnum
949 1520 1098 1562 recipere
1112 1518 1177 1551 Dei
1195 1519 1407 1563 benignitate
1426 1520 1615 1562 incepisset.

316 1592 490 1625 Adierunt
513 1597 547 1625 et
564 1591 711 1625 Galliam
737 1592 827 1636 regis
849 1592 951 1636 jussu
975 1602 1053 1624 cum
1072 1591 1209 1624 Thoma
1234 1591 1442 1623 delectorum
1466 1591 1615 1623 militum

316 1665 384 1697 tria
397 1665 515 1703 millia,
533 1665 574 1697 ad
589 1665 756 1707 populum
769 1668 922 1696 recenter
935 1664 978 1696 ad
992 1663 1155 1696 Carolum
1168 1673 1284 1706 regem
1299 1673 1400 1694 suum
1414 1673 1614 1695 conversum

317 1738 353 1769 in
371 1738 444 1780 ejus
462 1736 527 1768 fide
544 1737 763 1769 retinendum
778 1746 786 1775 ;
814 1736 938 1779 quibus
956 1735 1016 1768 ubi
1034 1736 1070 1768 in
1084 1734 1233 1767 Galliam
1251 1738 1415 1766 venerant
1433 1733 1615 1776 praefectus

318 1813 369 1841 est
387 1808 559 1841 Robertus
578 1808 775 1847 Patillocus,
793 1808 843 1840 rei
860 1807 1020 1840 militaris
1038 1807 1277 1849 peritissimus.
1305 1804 1339 1837 Is
1357 1805 1499 1843 dudum,
1517 1816 1616 1848 supe-

318 1881 402 1913 ratis
428 1880 604 1923 pulsisque
629 1890 647 1911 e
664 1879 835 1912 Vasconia
851 1878 989 1922 Anglis,
1007 1878 1179 1911 Vascones
1198 1878 1271 1922 regi
1289 1877 1412 1910 Carolo
1438 1877 1615 1909 audientes

318 1954 452 1986 fecerat.
505 1952 648 1985 Carolus
678 1953 921 1985 adventantem
949 1951 1120 1983 Thomam
1151 1950 1296 1994 benigne
1326 1954 1378 1982 est
1407 1950 1613 1992 complexus,

318 2036 474 2068 eumque,
491 2025 599 2068 pactis
625 2024 726 2057 rebus
751 2023 937 2066 functaque
960 2023 1129 2067 legatione
1146 2022 1301 2060 feliciter,
1318 2021 1378 2054 ubi
1400 2021 1612 2064 praestantis-

318 2098 420 2129 simas
438 2097 546 2140 ipsius
564 2097 710 2130 virtutes
728 2095 841 2128 fuerat
864 2099 1038 2138 expertus,
1063 2095 1153 2127 inter
1170 2104 1249 2127 suos
1268 2093 1477 2126 consiliarios
1495 2101 1613 2124 nume-

317 2169 418 2205 ravit,
436 2179 582 2211 regeque
594 2168 617 2200 J
619 2168 722 2201 acobo
740 2168 970 2210 permittente,
988 2177 1102 2199 secum
1120 2166 1156 2198 in
1172 2165 1284 2198 Gallia
1300 2164 1452 2197 retinuit.
1500 2162 1612 2195 Func-

317 2245 373 2272 tus
392 2244 442 2271 est
459 2240 537 2272 inde
554 2239 782 2283 legationibus
809 2238 1040 2281 compluribus
1064 2249 1127 2280 pro
1150 2247 1231 2280 pace
1254 2240 1287 2269 et
1310 2246 1423 2268 rerum
1449 2235 1615 2277 tranquil-
