1955 2807
328 246 346 272 2
788 245 1182 276 ABERDONENSIUM

330 356 450 384 tutem.
502 351 596 391 Inde,
621 353 679 385 sed
701 354 828 386 multos
853 359 930 396 post
956 364 1074 392 annos,
1098 358 1137 386 ut
1163 353 1404 396 Restennothy
1426 353 1626 394 (munitioni

330 434 454 456 nomen
475 428 526 456 est
544 423 625 456 olim
645 424 682 456 in
698 423 869 468 Angusia,
887 424 947 457 ubi
965 435 1057 457 nunc
1075 425 1318 457 canonicorum
1336 424 1419 456 Divi
1437 423 1628 468 Augustini

331 495 537 539 coenobium)
555 506 624 538 qua
641 496 685 527 ad
702 495 823 528 Ionam
843 496 988 529 difficilis
1006 497 1191 529 admodum
1210 501 1284 529 erat
1301 497 1427 534 aditus,
1445 496 1554 528 nostri
1571 506 1630 528 an-

331 568 424 599 nales
444 567 523 599 inde
541 567 689 600 traducti
712 572 982 607 reservarentur,
1006 567 1207 601 Alexander
1223 568 1356 611 primus
1374 578 1435 600 rex
1452 568 1570 605 edixit,
1588 578 1630 599 ne

331 638 541 671 nostratibus
556 639 726 683 majorum
744 640 879 684 egregie
896 644 1074 684 gestorum
1091 651 1171 683 quae
1184 641 1404 672 imitarentur
1417 640 1547 671 deesset
1562 649 1631 670 me-

332 711 450 743 moria.
502 710 577 743 Hos
604 711 732 743 codices
758 716 878 744 exacta
902 712 986 744 adeo
1011 712 1191 756 diligentia
1215 715 1417 749 reservatos,
1444 711 1528 743 alios
1549 721 1633 753 quo-

333 793 399 826 que
420 793 548 821 omnes,
569 788 603 815 et
626 782 779 826 publicos
797 788 831 815 et
848 783 1012 826 privatos,
1031 783 1175 816 ubilibet
1192 794 1295 826 penes
1313 787 1448 815 nostros
1466 783 1633 819 inventos,

334 854 520 886 Eduardus
538 853 734 898 Anglorum
753 865 823 893 rex,
839 865 916 886 cum
932 859 1085 887 nostram
1103 855 1277 898 regionem
1292 855 1461 887 discordia
1480 854 1635 886 laboran-

335 932 403 957 tem
426 926 659 968 popularetur,
678 927 780 958 simul
798 936 874 957 cum
893 925 1041 968 praefato
1058 926 1211 958 coenobio
1230 927 1468 958 concremavit.
1521 925 1635 957 Tanta

335 998 475 1029 libidine
490 1008 558 1029 non
570 998 670 1029 modo
685 1002 812 1030 nostrae
825 999 949 1041 gentis,
964 998 1022 1030 sed
1033 1002 1067 1029 et
1078 998 1151 1042 ejus
1164 998 1339 1030 memoriae
1350 997 1502 1029 delendae
1514 996 1636 1040 flagra-

336 1070 403 1102 bat.
431 1069 508 1107 Qua
523 1070 616 1101 clade
629 1069 707 1101 libri
726 1069 850 1112 quibus
869 1069 1048 1102 Scotorum
1063 1069 1262 1112 pontificum
1277 1080 1330 1101 res
1347 1074 1454 1113 gestae
1473 1068 1638 1100 memoria

337 1141 518 1179 dabantur,
537 1141 579 1172 ad
596 1151 705 1173 unum
724 1146 805 1173 sunt
823 1141 1007 1183 absumpti.
1051 1140 1151 1173 Unde
1169 1141 1338 1178 effectum,
1356 1146 1395 1172 ut
1414 1141 1522 1173 nostri
1540 1140 1637 1183 regni

338 1214 504 1256 primores
523 1223 664 1244 suorum
683 1217 759 1245 acta
776 1213 1036 1256 progenitorum
1054 1223 1139 1255 pene
1157 1213 1272 1245 omnia
1290 1213 1471 1256 ignorent;
1490 1212 1637 1254 episcopi

339 1285 398 1327 qui
416 1285 469 1316 sui
487 1283 582 1316 fuere
600 1288 840 1322 antecessores,
856 1295 935 1327 quae
954 1295 1014 1327 per
1027 1295 1083 1316 eos
1102 1284 1186 1316 bene
1200 1289 1306 1328 gesta,
1320 1294 1524 1326 quocunque
1535 1283 1638 1315 etiam

340 1356 464 1393 labore,
482 1360 609 1398 praeter
621 1356 767 1398 paucula
781 1356 940 1398 quaedam
959 1366 1036 1388 cum
1055 1355 1255 1398 pontificum
1273 1355 1480 1392 nominibus,
1500 1365 1640 1398 cognos-

340 1438 414 1459 cere
432 1438 500 1460 non
517 1428 659 1470 possint.
699 1427 878 1460 Scrutatus
897 1428 1022 1460 etenim
1042 1426 1116 1467 (tuo
1129 1428 1244 1471 jussu)
1265 1427 1481 1459 exactissima
1498 1427 1641 1470 diligen-

342 1500 401 1537 tia,
418 1499 477 1541 qui
496 1499 758 1531 Aberdonenses
777 1499 925 1542 episcopi
944 1504 977 1531 et
1000 1500 1117 1542 quales
1141 1498 1246 1536 fuere,
1271 1503 1350 1531 ante
1374 1498 1518 1530 Roberti
1539 1498 1642 1540 primi

344 1572 434 1615 regis
460 1576 625 1613 tempora,
644 1571 703 1603 vix
723 1571 907 1613 quicquam
929 1576 1051 1614 praeter
1077 1571 1217 1603 nomina
1238 1571 1397 1613 comperi.
1447 1569 1578 1602 Verum
1604 1575 1643 1602 ut

346 1644 500 1676 invenire
510 1644 618 1686 potui,
630 1643 666 1675 in
678 1653 786 1675 unum
797 1643 923 1687 conjeci
936 1643 1095 1681 codicem,
1109 1647 1149 1675 ut
1159 1643 1361 1686 dignoscant
1373 1642 1523 1685 legentes
1534 1640 1645 1673 Aber-

346 1716 468 1753 doniae,
496 1726 516 1747 a
533 1715 619 1747 sacri
638 1715 684 1747 ibi
703 1715 928 1759 magistratus
950 1715 1179 1752 institutione,
1198 1715 1257 1747 vix
1277 1724 1430 1756 unquam
1455 1713 1644 1746 antistitem

347 1787 494 1819 defuisse
512 1787 667 1819 doctrina
685 1791 787 1829 atque
807 1787 936 1819 virtute
955 1786 1185 1829 spectabilem.
1237 1785 1341 1818 Hunc
1358 1785 1484 1817 librum
1498 1789 1646 1827 quantu-

348 1860 556 1901 lumcunque
573 1858 636 1891 tibi
655 1859 766 1890 dicavi
783 1858 996 1898 (Reverende
1015 1857 1164 1900 Praesul)
1182 1857 1368 1901 gratiorem
1386 1867 1461 1889 mea
1478 1857 1647 1889 sententia

348 1931 517 1969 futurum,
531 1931 623 1973 quod
636 1931 750 1962 nullus
765 1929 828 1962 tibi
842 1940 953 1962 sermo
966 1928 1018 1969 (ut
1031 1940 1171 1972 aequum
1185 1934 1236 1961 est
1253 1929 1400 1971 credere)
1415 1938 1519 1971 quam
1533 1928 1593 1970 qui
1606 1928 1647 1960 de

351 2008 489 2035 tuorum
513 2013 759 2045 praecessorum
778 2002 907 2034 virtute
924 2002 980 2040 sit,
999 2001 1167 2043 acceptior
1184 2012 1256 2033 esse
1277 2000 1413 2043 poterit.
1464 1999 1574 2032 Fuere
1594 1999 1647 2031 tui

351 2076 492 2117 inquam
510 2079 736 2107 antecessores
756 2072 809 2113 (ut
829 2074 943 2105 videre
961 2073 1052 2116 licet)
1074 2073 1189 2105 studio
1207 2077 1309 2115 atque
1333 2072 1523 2104 eruditione
1541 2070 1649 2102 omni-

352 2146 414 2178 bus
432 2147 491 2189 qui
509 2157 644 2179 sacrum
661 2145 805 2179 ubilibet
817 2149 943 2189 gerunt
956 2145 1199 2189 magistratum
1216 2144 1383 2176 imitandi.
1423 2140 1554 2185 Accipe
1574 2152 1648 2174 mu-
