1955 2807
320 332 359 360 46
774 331 1170 364 ABERDONENSIUM

319 436 560 473 illustrissime,
574 446 614 467 ea
627 435 712 468 mihi
730 436 863 470 dicendi
880 438 942 476 vis,
959 439 1013 471 vel
1026 442 1158 472 naturae
1171 438 1383 483 benignitate
1396 450 1552 474 concessa
1565 444 1619 475 vel

318 509 420 552 longa
438 507 632 540 studiorum
650 509 892 543 exercitatione
909 514 1010 553 parta
1023 515 1121 549 esset,
1137 522 1212 554 quae
1224 515 1291 544 tuae
1302 512 1489 545 clementiae
1506 514 1620 557 aliqua

318 580 437 611 saltem
456 589 498 611 ex
520 583 617 622 parte
635 580 743 623 possit
760 582 953 614 convenire.
1004 582 1070 615 Sed
1093 582 1136 615 ab
1153 582 1268 616 Aonio
1286 583 1381 616 fonte
1408 582 1534 625 (nescio
1551 596 1620 629 quo

317 652 392 690 deo)
411 651 616 694 prohibitus,
630 663 669 685 eo
681 653 803 685 deveni
821 658 861 686 ut
874 658 1009 686 oratore
1027 654 1171 699 dignum
1185 655 1273 687 nihil
1287 666 1441 698 unquam
1459 662 1621 699 praestare

315 728 460 766 potuero
476 733 483 756 ε
502 724 627 757 idcirco
641 735 710 757 non
724 725 914 764 miraberis,
932 736 1042 768 spero,
1056 726 1085 758 si
1103 736 1168 765 me,
1186 728 1297 759 omnis
1315 728 1449 761 dicendi
1467 730 1551 762 artis
1563 740 1620 762 ex-

316 799 459 839 pertem,
482 795 730 829 balbutientem
753 797 868 840 potius
894 807 999 840 quam
1023 798 1193 830 dicentem
1219 799 1378 838 audieris,
1412 804 1541 844 tuaque
1567 812 1620 834 co-

316 879 390 900 ram
408 868 505 912 regia
524 868 714 912 majestate,
732 869 769 900 in
793 872 890 901 tanta
910 869 1273 912 praestantissimorum
1291 870 1458 903 nobilium
1477 873 1621 906 circum-

317 939 394 972 fusa
411 950 546 978 corona,
572 941 788 983 conspexeris
811 941 1006 983 pallentem,
1025 952 1106 974 voce
1128 942 1349 985 corporisque
1370 943 1532 976 membris
1554 948 1621 977 tre-

317 1012 462 1050 mulum,
476 1012 717 1054 trepidantem.
744 1012 885 1056 Ecquis,
900 1013 1195 1047 Christianissime
1207 1025 1279 1053 reX,
1291 1015 1345 1047 vel
1364 1021 1620 1049 consummatus

317 1087 442 1122 orator,
460 1088 494 1116 te
509 1094 633 1122 coram,
651 1084 711 1127 qui
728 1095 798 1117 non
815 1085 930 1117 minus
948 1085 1140 1118 eruditione
1157 1086 1262 1128 polles
1280 1097 1385 1129 quam
1399 1087 1479 1119 belli
1497 1088 1618 1132 gloria,

318 1155 472 1187 dicturus
501 1166 571 1188 non
602 1155 870 1198 expavesceret?
902 1156 1049 1189 Veniam
1073 1162 1254 1200 propterea
1284 1158 1380 1190 dabis
1410 1159 1559 1199 obsecro,
1590 1161 1618 1193 si

317 1227 431 1259 minus
449 1231 483 1259 te
498 1228 643 1272 dignum
661 1229 809 1260 attulero
822 1226 946 1271 (neque
961 1229 1051 1262 enim
1070 1229 1135 1262 hoc
1153 1229 1310 1269 conabor,
1328 1242 1408 1263 nam
1422 1232 1511 1274 quis,
1524 1243 1619 1275 quae-

317 1308 365 1336 so,
379 1298 414 1330 id
427 1299 555 1341 poterit
568 1303 729 1342 praestare
743 1299 774 1343 ?)
789 1301 848 1343 qui
867 1311 936 1336 non
954 1311 1030 1333 mea
1040 1302 1232 1334 temeritate
1250 1302 1317 1335 huc
1335 1304 1542 1342 accesserim,
1561 1305 1619 1337 sed

314 1369 494 1402 Scotorum
511 1371 602 1414 regis
621 1371 846 1404 illustrissimi
866 1370 939 1415 (qui
958 1377 991 1404 te
1009 1383 1079 1415 prae
1096 1374 1224 1406 caeteris
1242 1374 1455 1417 principibus
1480 1380 1514 1408 et
1539 1377 1618 1409 colit

314 1447 345 1475 et
373 1444 571 1486 veneratur)
597 1444 771 1483 mandato,
805 1445 860 1476 cui
895 1444 980 1477 mihi
1006 1445 1176 1478 contraire
1201 1444 1252 1478 fas
1284 1456 1354 1478 non
1384 1451 1445 1479 est.
1507 1447 1618 1481 Malui

313 1516 422 1560 igitur
439 1516 513 1554 tibi,
532 1516 635 1548 insita
655 1515 892 1549 benevolentia
903 1516 1025 1555 fretus,
1043 1517 1199 1560 quaedam
1220 1516 1296 1558 (etsi
1314 1519 1453 1563 exigua)
1468 1519 1511 1552 ad
1530 1530 1620 1552 com-

314 1598 454 1621 munem
471 1599 545 1621 rem
571 1589 756 1621 attinentia
781 1589 964 1621 audentius
991 1589 1126 1621 afferre
1154 1600 1258 1633 quam
1283 1591 1490 1634 postergatis
1515 1592 1619 1636 regiis

314 1661 485 1694 mandatis
504 1662 626 1704 quovis
646 1661 748 1694 modo
773 1665 895 1700 tacere,
921 1661 1080 1694 amicitiae
1107 1659 1212 1705 (quod
1237 1672 1277 1694 ea
1301 1662 1345 1694 ad
1369 1672 1442 1694 rem
1465 1667 1618 1696 nostram

314 1733 463 1765 maxime
481 1733 641 1777 attineat)
667 1737 793 1766 nostrae
814 1738 989 1776 utcunque
1012 1733 1177 1766 orationis
1200 1733 1329 1776 primas
1354 1738 1469 1776 partes
1490 1745 1620 1767 accom-

315 1805 495 1843 modando,
513 1816 574 1848 per
600 1816 705 1848 quam
730 1816 837 1838 unam
863 1809 1031 1848 parantur
1057 1805 1211 1848 imperia,
1237 1809 1337 1848 parta
1362 1811 1618 1839 conservantur.

316 1877 399 1910 Haec
424 1889 546 1922 regum
572 1878 769 1911 delectabile
796 1878 983 1916 vinculum,
1010 1877 1081 1910 haec
1114 1877 1386 1910 stabilimentum
1421 1889 1619 1923 regnorum,

314 1950 385 1983 haec
410 1951 502 1993 pacis
529 1955 563 1983 et
589 1950 852 1994 tranquillitatis
878 1954 999 1988 mater,
1026 1949 1172 1994 justitiae
1205 1950 1342 1988 cultrix,
1375 1950 1619 1985 misericordiae

314 2024 567 2066 clementiaeque
580 2033 704 2066 parens
717 2033 726 2062 ς
745 2023 818 2055 sine
829 2022 954 2065 quibus
965 2032 1026 2054 nec
1040 2032 1137 2066 reges
1148 2026 1306 2066 regnant,
1320 2032 1382 2054 nec
1395 2022 1619 2056 stabiliuntur

314 2095 467 2138 imperia,
493 2106 555 2128 nec
580 2095 736 2128 civitates
762 2095 964 2133 consistunt,
994 2094 1110 2126 nullus
1141 2094 1280 2126 demum
1297 2092 1454 2136 publicus
1471 2097 1532 2126 aut
1548 2095 1619 2137 pri-

315 2171 415 2199 vatus
436 2167 501 2200 sibi
518 2168 682 2211 patriaeve
699 2171 760 2200 aut
779 2167 895 2200 vivere
912 2170 971 2199 aut
990 2166 1150 2210 prodesse
1167 2170 1290 2209 potest,
1303 2165 1395 2208 quod
1406 2165 1542 2197 nullum
1560 2165 1618 2198 bo-

313 2248 398 2270 num
415 2239 514 2272 sitin
538 2240 611 2273 vita
636 2240 729 2283 quod
754 2239 907 2273 amicitia
931 2249 1002 2272 non
1026 2238 1084 2277 sit,
1110 2242 1171 2271 aut
1195 2237 1357 2271 amicitiae
1383 2236 1617 2282 conjunctum.
