1955 2807
315 302 355 329 42
769 296 1165 327 ABERDONENSIUM

315 408 469 442 contulit.
521 406 563 439 In
581 405 786 450 Glasguensi
803 405 955 450 generali
972 405 1164 449 gymnasio,
1182 404 1315 449 aliquot
1332 415 1439 438 annos
1456 405 1618 448 probatos

315 480 449 513 audivit
466 482 702 521 praeceptores.
753 477 833 510 Sese
850 478 930 510 inde
947 477 1041 510 dedit
1058 477 1204 521 negotiis
1221 476 1426 516 forensibus,
1450 477 1510 510 ubi
1530 477 1618 522 justi

315 557 348 584 et
366 551 456 594 aequi
475 554 663 583 amatorem
680 560 716 583 se
732 550 906 593 praestitit.
949 549 1139 593 Nunquam
1157 549 1310 594 cujusvis
1324 549 1449 582 damno
1466 549 1617 588 inhaesit,

316 623 439 667 injusti
454 633 573 655 censor
586 623 783 661 acerrimus,
801 622 892 665 aequi
911 622 1075 660 excultor,
1092 632 1284 664 pauperum
1298 620 1466 660 defensor,
1484 621 1567 654 adeo
1581 625 1621 654 ut

317 706 384 728 non
408 706 471 738 pro
494 694 657 733 nummis,
683 695 742 727 sed
768 705 865 738 aequo
891 698 924 727 et
945 694 1043 738 justo
1066 693 1276 736 patrocinari
1294 693 1474 726 diceretur.
1527 692 1620 726 Hinc

314 768 453 800 devenit
470 771 510 800 ut
526 778 718 810 pauperum
742 771 846 810 atque
869 767 1074 799 miserorum
1098 766 1284 798 advocatus
1303 765 1488 799 haberetur
1505 767 1621 810 vulgo.

315 840 381 872 Sed
392 839 464 872 sive
477 839 666 871 amicorum
679 838 953 881 importunitate,
966 837 1038 869 sive
1052 837 1144 879 quod
1157 837 1199 869 de
1210 847 1245 869 se
1262 837 1397 879 parcius
1412 835 1465 878 (ut
1476 838 1621 870 modesti

314 915 364 943 est
388 911 495 942 animi
518 914 621 953 atque
645 910 838 952 prudentis)
864 909 1018 947 sentiret,
1044 919 1065 940 a
1088 908 1198 940 causis
1221 907 1414 940 forensibus
1440 908 1618 946 abstinuit,

315 983 357 1016 ad
384 984 494 1015 otium
519 993 554 1014 se
577 981 753 1014 conferens
773 991 782 1020 ;
812 980 872 1013 ubi
898 991 973 1024 quae
999 980 1063 1014 sub
1088 979 1357 1023 praeceptoribus
1383 980 1549 1018 audierat,
1575 980 1621 1013 ri-

318 1055 416 1093 mari,
434 1055 599 1098 digerere,
618 1064 732 1086 secum
751 1054 919 1086 discutere
939 1057 1073 1095 poterat
1091 1052 1312 1085 commodius.
1352 1051 1427 1084 Rus
1445 1052 1619 1090 concessit,

315 1127 350 1159 in
369 1127 497 1169 templo
515 1126 586 1158 divi
605 1125 796 1164 Michaelis,
819 1125 889 1163 ubi,
912 1125 1076 1168 pastorali
1100 1135 1181 1157 cura
1205 1124 1235 1156 ei
1259 1124 1381 1157 collata
1403 1125 1485 1162 suis,
1507 1129 1547 1157 ut
1570 1123 1619 1157 ita

313 1199 435 1237 dicam,
456 1198 684 1241 parochianiS,
708 1201 857 1240 quatuor
875 1186 982 1229 annos
1001 1207 1096 1229 sacra
1113 1196 1257 1240 peregit,
1281 1206 1460 1238 nunquam
1477 1195 1617 1231 otiosus.

314 1281 493 1314 nunquam
518 1274 680 1312 torpens:
706 1270 802 1302 nulla
827 1280 905 1302 eum
932 1269 1028 1308 hora,
1054 1269 1189 1301 nullum
1215 1273 1350 1311 tempus
1375 1268 1555 1311 praeteriit,
1580 1268 1617 1301 in

314 1353 382 1385 quo
399 1353 469 1374 non
487 1343 541 1374 vel
558 1340 728 1374 scribebat
745 1342 886 1384 aliquid,
909 1342 963 1373 vel
985 1340 1146 1379 dictabat,
1165 1341 1219 1372 vel
1243 1340 1454 1383 excerpebat,
1472 1341 1527 1373 vel
1544 1341 1619 1373 lite-

314 1415 405 1446 rario
427 1414 552 1452 studio,
576 1414 631 1445 vel
655 1413 789 1445 diurnis
813 1419 874 1445 aut
898 1413 1074 1445 nocturnis
1097 1411 1254 1455 precibus
1277 1411 1424 1444 horariis
1447 1422 1482 1444 se
1506 1411 1619 1445 dabat.

316 1486 400 1518 Fuit
417 1489 532 1518 autem
551 1484 739 1518 Wilhehno
757 1485 840 1518 vitae
860 1485 1059 1518 institutum
1077 1484 1214 1527 privato
1229 1483 1427 1516 Christiano
1450 1484 1618 1528 dignum3

316 1559 351 1590 in
369 1569 437 1601 quo
456 1558 603 1590 orationi
624 1558 734 1596 lectio,
759 1561 793 1590 et
817 1557 954 1590 lectioni
975 1557 1085 1589 oratio
1104 1560 1269 1600 perpetuo
1292 1555 1501 1589 succedebat.
1553 1556 1619 1589 Sed

315 1630 357 1662 ad
383 1630 516 1673 majora
541 1634 654 1668 natus,
681 1630 761 1662 vitae
781 1640 891 1674 genus
918 1629 1001 1662 adeo
1024 1629 1201 1672 privatum
1226 1628 1286 1660 diu
1311 1638 1412 1671 agere
1439 1628 1618 1671 nequivit:

315 1707 494 1735 revocatus
521 1713 541 1734 a
566 1706 691 1745 patruo
710 1701 901 1734 Laurentio
919 1700 1166 1744 Elphinstono,
1193 1700 1269 1732 viro
1294 1700 1435 1742 optimo,
1461 1700 1504 1731 ad
1522 1698 1619 1732 Glas-

315 1784 479 1818 guensem
497 1774 683 1812 civitatem,
710 1774 794 1806 dure
812 1778 863 1806 est
881 1773 924 1805 ab
942 1784 981 1805 eo
998 1773 1196 1815 increpitus,
1221 1771 1313 1814 quod
1336 1772 1514 1816 ingenium
1535 1772 1619 1804 adeo

319 1850 495 1888 praestans,
521 1845 605 1877 adeo
631 1856 717 1883 acre,
744 1850 777 1878 et
803 1845 846 1877 ad
870 1844 1010 1877 familiae
1028 1844 1129 1876 decus
1150 1848 1252 1886 atque
1278 1843 1462 1875 utilitatem
1488 1847 1620 1881 natum,

316 1928 385 1950 non
403 1917 630 1960 undequaque
648 1918 782 1949 coleret.
833 1916 982 1960 Adjecit,
1005 1916 1124 1959 procul
1142 1915 1267 1958 patria,
1284 1915 1403 1957 procul
1420 1915 1620 1958 parentibus

319 1990 481 2028 eundum,
507 1989 567 2022 ubi
592 1989 783 2033 peregrinis
808 1988 962 2021 moribus
993 1992 1027 2020 et
1056 1987 1245 2030 disciplinis
1271 1986 1493 2025 imbueretur,
1523 1987 1552 2019 si
1577 1988 1620 2020 ad

316 2072 442 2105 magna
455 2061 696 2100 contenderet3
719 2060 885 2093 honorem
902 2064 936 2092 et
953 2059 1158 2103 dignitatem
1176 2058 1361 2097 laboribus,
1379 2069 1494 2091 rerum
1512 2058 1619 2090 scien-

319 2133 403 2165 tiam
422 2133 769 2178 peregrinationibus,
788 2132 978 2175 comparari
994 2141 1002 2170 ;
1021 2132 1204 2174 impensas,
1222 2130 1347 2174 quibus
1365 2141 1450 2173 opus
1467 2129 1566 2168 foret,
1583 2140 1618 2162 se

317 2204 463 2248 largiter
494 2206 806 2248 suppeditaturum.
858 2204 1047 2237 Moverunt
1075 2202 1256 2235 Laurentii
1287 2202 1492 2244 tempestiva
1517 2202 1622 2235 verba
