1955 2807
368 345 409 371 32
822 336 1217 369 ABERDONENSIUM

368 449 423 482 Ita
448 449 556 492 caligo
582 448 670 480 diem
698 458 771 479 eam
798 446 998 485 obduxerat,
1024 451 1063 479 ut
1090 456 1159 478 non
1184 445 1279 488 prius
1305 443 1435 476 fuerint
1463 446 1666 487 conspicatae

365 532 468 564 quam
483 524 616 552 nostras
634 520 758 552 celoces
777 519 1075 551 circumsisterent.
1112 517 1212 555 Quod
1226 516 1285 549 ubi
1299 516 1408 548 nostri
1422 522 1665 560 cognoverunt,

366 592 516 634 primum
532 592 568 623 in
582 591 727 623 navibus
742 591 962 633 trepidatum,
981 590 1060 622 inde
1077 589 1192 622 furore
1210 593 1312 631 atque
1330 589 1564 630 desperatione
1578 589 1666 620 vires

365 662 651 700 ministrantibus,
666 673 724 705 spe
737 662 831 706 fugae
845 661 990 699 sublata,
1004 662 1047 693 ad
1061 672 1170 693 unuin
1185 661 1255 692 vim
1274 660 1426 692 hostium
1440 670 1553 691 arcere
1567 671 1665 702 para-

364 735 456 767 bant.
508 734 765 767 Contrahebant
784 735 869 771 vela,
893 737 926 765 et
950 733 1052 765 simul
1077 730 1129 772 (ut
1147 732 1261 764 navali
1279 731 1317 763 fit
1334 731 1468 774 praelio)
1486 742 1665 773 compone-

364 806 446 838 bant
457 810 670 838 armamenta
682 815 689 837 ε
708 806 785 837 duae
797 804 956 847 Anglicae
969 814 1073 836 naves
1085 803 1236 846 primum
1247 803 1373 835 nostris
1385 808 1466 835 sunt
1477 808 1643 835 consertae
1656 815 1663 835 ε

362 878 448 910 acris
469 889 597 921 pugna,
620 888 720 919 aequo
742 881 857 908 tamen
878 875 1002 913 Marte,
1029 879 1184 917 sequuta,
1210 875 1328 906 multis
1352 874 1432 906 hinc
1455 875 1533 906 inde
1556 876 1662 907 caesis.

361 949 567 990 Stephanus,
585 947 779 991 Anglorum
799 947 880 984 dux,
903 947 963 989 qui
985 947 1081 990 regia
1102 957 1190 978 nave
1208 945 1407 983 vehebatur,
1428 945 1663 989 indignatione

360 1030 529 1057 accensus
548 1024 678 1061 quanta
691 1019 841 1051 maxima
856 1019 1027 1050 celeritate
1045 1018 1169 1060 potuit,
1187 1019 1230 1049 ad
1248 1028 1401 1061 pugnam
1420 1018 1581 1059 procedit.
1621 1017 1663 1050 In

360 1095 493 1123 nostras
512 1090 638 1121 ferreas
657 1099 779 1120 manus
798 1089 919 1131 injicit,
941 1092 975 1118 et
992 1088 1051 1118 ubi
1069 1088 1281 1128 aliquamdiu
1299 1098 1422 1118 manus
1441 1098 1517 1119 cum
1536 1089 1661 1121 nostris

359 1162 609 1195 conseruissent
627 1158 746 1203 Angli,
771 1159 856 1191 duro
874 1159 1006 1201 praelio,
1031 1157 1253 1189 multitudine
1271 1161 1304 1189 et
1322 1160 1576 1199 perseverantia
1594 1161 1662 1192 vic-

359 1239 448 1266 tores
472 1231 730 1269 transcendunt,
751 1230 890 1274 dejectis
913 1230 1076 1272 caesisque
1100 1229 1414 1272 propugnatoribus
1432 1230 1492 1272 qui
1510 1231 1660 1272 pertina-

357 1305 428 1337 cius
455 1305 491 1336 in
517 1314 635 1347 pugna
659 1303 892 1334 duraverant:
923 1306 1107 1344 utramque
1132 1301 1272 1343 capiunt
1300 1301 1453 1333 celocem.
1506 1301 1658 1335 Thomas

357 1386 462 1408 naves
480 1375 598 1406 videns
617 1378 831 1417 expugnatas
854 1378 1048 1416 captasque,
1067 1370 1205 1416 Anglos
1224 1373 1283 1404 vix
1301 1373 1392 1404 caede
1417 1377 1657 1415 temperantes,

357 1447 542 1490 Stephano,
559 1445 719 1478 Albaniae
746 1446 866 1477 ducem
892 1445 928 1477 in
954 1445 1101 1487 patriam
1128 1443 1294 1476 celocibus
1312 1444 1402 1482 vehi,
1428 1449 1462 1476 et
1484 1445 1560 1487 quis
1587 1446 1658 1488 ipse

356 1523 453 1557 esset,
472 1518 617 1560 aperuit,
635 1518 760 1555 animo,
779 1517 939 1554 creditur,
964 1521 1003 1548 ut
1026 1516 1069 1548 ad
1087 1514 1292 1547 Eduardum
1310 1515 1514 1548 traheretur.
1566 1517 1657 1550 Tum

357 1591 552 1635 Anglorum
562 1591 632 1622 dux
640 1590 745 1633 jussit
757 1594 795 1621 ut
804 1589 863 1632 qui
876 1600 917 1621 ex
928 1588 1054 1621 nostris
1066 1587 1274 1630 superfuere,
1283 1587 1425 1626 subacti,
1437 1589 1523 1620 salvi
1535 1588 1656 1622 forent.

357 1663 529 1696 Thomam
538 1663 734 1705 episcopum
744 1665 883 1704 captum
895 1661 931 1693 in
940 1661 1076 1692 vincula
1087 1659 1248 1703 conjecit:
1265 1656 1297 1690 A
1303 1658 1427 1691 lbaniae
1436 1660 1556 1692 ducem
1566 1660 1657 1693 haud

356 1746 450 1767 secus
464 1745 567 1776 quam
582 1734 715 1778 regium
731 1733 825 1765 decet
839 1733 1085 1765 adolescentem
1099 1731 1270 1763 tractavit.
1307 1729 1433 1772 Captas
1451 1731 1575 1764 celoces
1594 1732 1656 1763 mi-

356 1806 401 1838 sit
419 1805 626 1837 Londinum.
676 1804 819 1836 Postera
836 1805 890 1836 die
908 1803 1113 1846 StephanuS,
1131 1803 1260 1834 delecta
1277 1813 1353 1834 cum
1372 1802 1522 1834 militum
1541 1813 1656 1842 manu,

356 1887 482 1921 magno
496 1880 674 1918 apparatu,
693 1875 853 1908 Albaniae
867 1876 998 1913 ducem,
1016 1885 1093 1907 cum
1112 1874 1267 1917 captivis,
1282 1873 1453 1905 Thomam
1470 1884 1550 1906 vero
1564 1875 1657 1907 vinc-

357 1954 443 1986 tum,
462 1948 660 1980 Londinum
678 1947 721 1979 ad
739 1946 955 1985 Eduardum,
979 1947 1100 1978 ducere
1118 1947 1257 1988 occepit,
1275 1956 1333 1988 spe
1351 1946 1503 1979 muneris
1521 1948 1657 1989 potiun-

356 2021 401 2058 di,
425 2019 517 2062 quod
535 2030 613 2051 eum
632 2019 747 2051 virum
767 2018 1009 2060 praehenderit,
1035 2018 1283 2060 adduxeritque
1302 2018 1344 2050 ad
1361 2029 1477 2062 regem
1493 2028 1501 2057 3
1529 2019 1654 2051 inscius

356 2102 459 2134 quam
477 2101 586 2129 carus,
612 2091 740 2122 recenti
757 2090 891 2128 merito,
910 2089 1062 2122 Thomas
1081 2089 1246 2121 Eduardo
1264 2088 1368 2121 fuerit
1385 2089 1533 2121 effeetus.
1583 2089 1656 2122 Nec

355 2164 481 2194 multos
502 2167 579 2205 post
602 2163 684 2200 dies,
707 2166 929 2204 posteaquam
948 2160 1251 2204 W'estmysteriuiii
1270 2165 1321 2193 est
1337 2164 1553 2202 perventum,
1571 2161 1655 2193 duce

354 2233 514 2266 Albaniae
532 2238 565 2266 et
584 2234 721 2266 Thoma
738 2234 781 2265 ad
799 2244 914 2277 regem
933 2233 1099 2271 adductis,
1117 2233 1249 2265 caeteris
1268 2231 1411 2274 captivis
1435 2232 1471 2264 in
1489 2242 1656 2266 carcerem
