1955 2807
526 719 610 765 IN
649 717 1161 765 EPISCOPORUM
1200 717 1424 763 VITAS.

384 856 663 887 REVERENDO
689 856 733 886 IN
757 856 957 887 CHRISTO
981 855 1130 889 PATRI,
1155 854 1331 885 GAVINO
1355 851 1581 885 DUMBARL

478 954 801 985 ABERDONENSI
823 953 1064 989 ANTISTITI,
1090 952 1277 984 HECTOR
1299 951 1496 983 BOETIUS

527 1051 832 1082 DEIDONENSIS
854 1051 1064 1081 DEBITAM
1087 1050 1429 1080 REVERENTIAM.

331 1284 470 1328 INTER
488 1296 706 1328 lustrandum
725 1299 872 1327 vetustae
890 1299 1018 1327 nostrae
1036 1293 1150 1338 gentis
1168 1297 1403 1332 monumenta,
1424 1292 1557 1325 Praesul
1578 1303 1633 1324 ve-

325 1369 484 1405 nerande,
502 1367 627 1410 quibus
646 1366 855 1400 lVilhelmus
871 1366 1124 1409 Elphinstonus
1143 1365 1348 1408 Episcopus,
1366 1366 1448 1398 olim
1461 1365 1631 1409 generalis

326 1440 581 1472 Aberdonensis
599 1439 725 1472 scholae
744 1439 910 1477 conditor,
937 1449 1038 1481 quem
1059 1440 1131 1481 ipse
1151 1438 1312 1482 gloriaris
1331 1437 1558 1480 frequentius,
1577 1448 1633 1469 ve-

323 1512 385 1544 luti
405 1511 582 1544 imitandae
600 1511 740 1543 virtutis
754 1511 939 1553 exemplar,
954 1510 1114 1542 habuisse
1128 1510 1424 1553 praedecessorem,
1439 1510 1628 1552 plurimum

321 1583 574 1621 delectabatur3
604 1582 811 1627 Fergusium
832 1582 1019 1615 secundum
1044 1592 1160 1626 regem
1184 1583 1245 1624 qui
1269 1581 1450 1614 Scotorum
1472 1592 1629 1625 regnum,

279 1671 303 1695 ,ιι
321 1655 419 1687 victis
439 1654 653 1693 Britonibus,
671 1655 785 1696 patria
805 1655 924 1697 procul
943 1653 1083 1692 abactis,
1105 1654 1202 1686 caesis
1220 1653 1353 1697 ubique
1370 1664 1489 1686 eorum
1510 1654 1629 1696 praesi-

318 1727 393 1765 diis,
412 1727 574 1765 restituit,
602 1727 784 1759 mandasse
807 1727 1000 1769 accepimus
1022 1730 1062 1758 ut
1084 1727 1118 1758 in
1139 1725 1225 1758 Iona
1249 1724 1333 1766 (una
1351 1730 1402 1758 est
1422 1725 1625 1768 Hybridum

318 1800 524 1842 insularum)
539 1798 617 1831 libri
629 1798 754 1842 quibus
767 1809 820 1831 res
832 1802 961 1831 nostrae
975 1798 1083 1831 literis
1098 1798 1272 1831 mandatae
1287 1797 1344 1837 (ne
1355 1798 1495 1841 quando
1508 1798 1627 1830 interi-

319 1872 408 1913 rent)
435 1870 622 1904 celebribus
648 1870 780 1904 aedjbus
811 1871 853 1903 ad
880 1871 943 1903 hoc
969 1871 1050 1903 data
1075 1881 1178 1913 opera
1202 1871 1379 1908 extructis,
1406 1880 1508 1913 penes
1535 1871 1625 1902 viros

320 1942 432 1985 prisca
449 1947 567 1975 nostra
587 1943 707 1987 lingua
729 1943 881 1976 eruditos
906 1947 1019 1976 essent
1043 1946 1078 1976 et
1098 1947 1396 1981 conservarentur,
1415 1953 1530 1975 annuo
1558 1947 1626 1974 sta-

317 2019 393 2047 tuto
410 2014 608 2047 custodibus
626 2016 761 2053 salario,
785 2015 876 2048 unde
894 2014 1028 2048 Scotica
1046 2016 1215 2059 juventus
1234 2026 1303 2047 non
1322 2015 1424 2047 modo
1442 2015 1525 2056 quid
1545 2025 1624 2047 una.

316 2086 375 2118 sed
397 2080 598 2129 quidomni
622 2091 724 2119 aetate
751 2087 805 2119 sui
829 2087 976 2131 majores
1002 2087 1138 2131 egregie
1156 2086 1309 2124 fecerint,
1332 2087 1541 2131 colligerent.
1567 2097 1624 2118 ex-

313 2158 493 2201 emploque
506 2163 729 2192 moverentur
743 2159 785 2191 ad
801 2169 950 2197 omnem,
969 2159 1068 2202 cujus
1087 2159 1123 2191 in
1142 2169 1179 2191 re
1197 2158 1316 2191 bellica
1335 2158 1421 2191 foret
1442 2169 1535 2197 usus.
1555 2159 1624 2191 vir-

947 2234 972 2254 A
