1955 2807
366 273 406 300 40
820 267 1217 298 ABERDONENSIUM

370 378 537 416 vivemus,
554 377 695 421 gratias,
720 374 779 408 Ad
789 375 882 408 hunc
898 376 1007 419 igitur
1024 375 1139 407 virum
1156 379 1274 407 nostra
1291 379 1342 407 est
1359 376 1469 408 oratio
1492 377 1672 410 traducen-

369 451 422 483 da.
474 449 508 482 Is
526 450 561 481 in
580 449 709 491 inclyta
726 446 931 491 Glasguensi
955 447 1105 485 civitate,
1133 451 1167 479 et
1190 447 1377 479 universali
1401 446 1516 479 schola
1532 448 1671 493 insigni,

368 526 480 558 natus,
511 531 553 552 ex
581 524 696 552 vetere
719 518 1032 563 Elphinstonorum
1060 518 1191 551 familia
1220 518 1343 551 habuit
1373 519 1551 563 originem.
1601 519 1671 553 Vix

367 596 530 635 quartum
546 602 650 636 agens
665 602 805 630 annum,
820 602 927 634 quum
945 591 1127 623 custodum
1145 591 1278 623 incuria
1290 590 1379 623 forte
1393 590 1594 630 aberrasset,
1608 591 1671 627 ‚diu

367 664 546 707 quaesitus,
572 663 608 695 in
627 662 850 707 Glasguensis
868 662 1019 695 basilicae
1039 663 1202 695 sanctiori
1220 663 1341 695 sacello
1359 666 1439 695 ante
1457 663 1548 695 divae
1567 664 1672 708 virgi-

367 736 420 768 nis
439 736 660 768 simulacrum
679 735 855 767 invenitur
872 738 1065 777 prostratus
1081 745 1088 766 :
1107 734 1198 766 unde
1217 738 1402 772 extractus,
1420 735 1480 767 vix
1497 735 1570 767 sine
1588 735 1670 768 fletu

367 812 470 850 atque
487 808 633 839 clamore
651 806 774 849 puerili
792 806 932 838 domum
951 805 1067 837 reduci
1085 805 1210 847 potuit,
1228 809 1325 838 tanta
1342 806 1503 850 imaginis
1521 812 1671 839 contem-

366 879 502 921 plandae
520 878 644 920 cupido
660 876 712 918 (ut
730 877 904 920 apparuit)
919 876 1074 909 animum
1090 877 1188 919 pueri
1205 877 1400 915 incesserat,
1418 888 1529 916 omen,
1546 880 1671 911 multo-

366 961 444 982 rum
459 949 602 994 judicio,
619 949 790 993 religiosae
809 948 946 991 pietatis
965 948 1000 980 in
1020 947 1085 981 Dei
1107 953 1253 981 matrem
1272 949 1308 981 in
1329 959 1368 980 eo
1386 947 1524 982 futurae.
1562 949 1672 993 Septi-

366 1032 460 1054 mum
479 1032 584 1065 agens
602 1031 744 1058 annum,
762 1020 1008 1052 laudatissimis
1026 1020 1292 1063 praeceptoribus
1311 1020 1463 1053 traditur
1480 1020 1577 1053 bonis
1599 1032 1671 1054 mo-

365 1093 460 1125 ribus
479 1097 512 1125 et
526 1092 714 1135 disciplinis
733 1091 949 1124 imbuendus.
1000 1090 1068 1123 Ubi
1086 1102 1194 1134 quum
1213 1092 1416 1135 aliquandiu
1433 1094 1669 1136 grammaticae

327 1167 329 1170 '
365 1175 502 1207 operam
529 1164 688 1201 dedisset,
720 1163 859 1207 ingenio
891 1167 1029 1195 aetatem
1057 1167 1251 1206 superante,
1278 1164 1328 1196 ita
1352 1163 1507 1206 profecit,
1534 1169 1573 1196 ut
1594 1166 1668 1209 jam

366 1240 449 1268 tunc
465 1236 604 1278 qualem
622 1240 740 1278 postea
757 1246 792 1267 se
809 1239 1002 1278 praestaret,
1020 1235 1171 1277 polliceri
1189 1240 1222 1267 et
1240 1235 1281 1267 de
1298 1246 1333 1268 se
1354 1246 1449 1278 spem
1467 1235 1577 1269 facere
1599 1247 1669 1270 cer-

365 1313 436 1340 tam
463 1307 648 1339 videretur.
699 1306 900 1339 Delectabat
926 1306 1174 1350 Glasguensem
1198 1307 1389 1352 antistitem
1414 1308 1512 1349 pueri
1538 1308 1668 1341 indoles

366 1389 474 1421 usque
492 1378 576 1410 adeo
594 1382 634 1410 ut
659 1388 728 1410 non
751 1378 847 1420 prius
872 1388 1006 1410 coenare
1027 1378 1205 1420 placuerit,
1231 1389 1336 1421 quam
1362 1380 1563 1411 accersitum
1581 1379 1670 1413 Wil-

364 1450 518 1482 helmum
543 1453 603 1482 aut
629 1449 757 1481 dictata
779 1449 895 1492 aliqua
918 1453 979 1481 aut
1001 1460 1137 1481 carmen
1161 1449 1317 1482 audierat
1340 1449 1551 1483 recitantem.
1602 1451 1669 1484 De-

364 1521 536 1554 lectabant
555 1531 672 1554 omnes
694 1521 792 1563 pueri
817 1532 939 1559 mores,
957 1522 1146 1565 ingenium,
1164 1522 1372 1565 speciesque,
1394 1533 1463 1565 qua
1483 1523 1666 1556 admodum

366 1592 525 1636 pollebat,
550 1597 590 1625 ut
611 1593 684 1637 jam
712 1603 782 1625 non
803 1592 946 1626 obscura
967 1598 1079 1625 essent
1102 1593 1138 1625 in
1156 1593 1343 1626 Wilhelmo
1361 1594 1540 1626 literarum
1564 1600 1666 1638 atque

366 1666 536 1698 virtutum
555 1665 761 1703 seminaria3
786 1665 941 1697 omnium
959 1665 1064 1697 oculis
1082 1669 1213 1709 gratus,
1231 1664 1390 1697 omnibus
1409 1670 1482 1697 erat
1500 1672 1666 1708 acceptus.

368 1735 473 1768 Haud
491 1736 770 1779 praetereundum
794 1736 850 1768 hic
871 1747 1000 1774 censeo,
1024 1736 1115 1779 quod
1132 1735 1319 1768 wilhelmo
1337 1736 1448 1768 adhue
1466 1748 1572 1779 puero
1590 1748 1668 1770 con-

365 1808 456 1851 tigit.
495 1806 600 1839 Visus
617 1807 731 1840 fuerat
748 1807 874 1840 vidisse
891 1818 952 1850 per
969 1808 1130 1850 quietem,
1154 1818 1226 1840 sese
1248 1812 1327 1840 ante
1345 1808 1435 1840 divae
1460 1808 1604 1852 virginis
1623 1810 1667 1841 si-

366 1880 568 1917 mulacrum,
584 1882 730 1921 utroque
744 1889 835 1922 genu
847 1879 969 1921 posito,
981 1883 1020 1911 ut
1033 1879 1179 1923 vigilans
1197 1878 1411 1922 frequentius
1432 1886 1666 1917 consueverat,

364 1950 529 1984 attentius
549 1950 736 1993 Deiparam
762 1950 954 1982 obsecrasse
979 1961 1022 1982 ne
1048 1961 1083 1982 se
1108 1950 1145 1982 in
1172 1950 1305 1983 facinus
1332 1950 1471 1994 aliquod
1496 1952 1667 1984 detestan-

367 2023 450 2055 dum
468 2021 548 2060 labi,
572 2032 657 2054 neve
681 2021 907 2065 turpitudinis
926 2021 1055 2064 aliquid
1072 2032 1133 2064 per
1150 2022 1362 2054 voluntatem
1381 2022 1562 2055 admittere
1579 2023 1667 2055 sine-

367 2099 429 2132 ret,
446 2098 486 2126 ut
503 2094 642 2126 tandem
660 2094 774 2136 quiete
791 2098 825 2126 et
839 2097 953 2125 sancte
971 2093 1014 2125 ad
1028 2092 1160 2125 felicem
1177 2094 1260 2126 vitae
1278 2093 1408 2126 exitum
1422 2094 1559 2126 duceret
1575 2103 1582 2126 :
1597 2094 1665 2126 vir-

365 2164 479 2207 ginem
491 2164 715 2208 respondisse,
729 2163 862 2197 Virtuti
879 2169 912 2197 te
926 2168 1038 2197 totum
1056 2165 1283 2203 accommoda,
1300 2169 1334 2197 et
1351 2164 1410 2197 ubi
1427 2163 1663 2207 pontificatum
