1955 2807
342 301 381 328 22
793 298 948 329 ABERD
953 297 1188 328 ONENSIUM

389 407 571 440 Conventu
586 407 664 439 inde
678 406 768 438 facto
782 406 824 438 ad
838 407 874 439 in
886 406 1057 438 demortui
1074 406 1186 437 locum
1205 404 1309 436 alium
1329 404 1573 444 sufficiendum,
1591 417 1644 439 ca-

340 479 540 511 nonicorum
567 489 734 510 consensu
760 482 862 520 atque
888 477 1064 521 suffragio,
1084 475 1348 513 HENRICUS‚
1367 476 1515 508 Caesarei
1541 482 1642 520 atque

339 550 505 591 pontificii
514 550 605 593 juris
619 550 747 588 doctor,
760 550 820 592 qui
836 554 918 582 tunc
930 549 1118 581 Murraviae
1132 549 1329 581 divinarum
1344 559 1460 580 rerum
1474 559 1644 581 summam

339 621 567 660 ministrabat,
591 622 769 664 episcopus
795 622 1001 664 postulatur.
1037 620 1126 654 Erat
1153 620 1325 653 Hem-icus
1352 620 1482 653 familia
1510 622 1644 660 nobilis,

338 690 486 725 fortunis
505 694 698 735 opulentus,
717 693 873 725 doctrina
890 693 1047 736 insignis,
1062 693 1135 724 vita
1151 693 1279 736 g1·aviS‚
1297 696 1330 724 et
1344 692 1387 724 ob
1402 693 1465 725 hoc
1479 694 1521 724 ad
1539 692 1645 726 Aber-

337 763 497 795 donensis
515 765 660 796 ecclesia:
670 764 946 808 jurisdictionem
965 767 998 795 et
1015 763 1227 806 religionem,
1245 764 1469 806 magistratus
1488 764 1642 797 absentia

338 836 480 876 paulum
498 836 750 873 labefactatam,
768 835 1007 877 reparandam,
1030 835 1134 865 simul
1151 838 1254 876 atque
1280 835 1401 876 templi
1419 835 1640 868 aedificiorum

340 906 598 944 absolutionem,
619 907 772 938 omnium
796 906 967 938 sententia
984 905 1263 937 commodissimu
1319 905 1433 944 Hunc,
1456 906 1515 938 ubi
1533 906 1643 939 Aber-

339 978 523 1009 donensem
542 978 778 1020 pontificatum
793 978 945 1009 delatum
963 977 1027 1009 sibi
1042 981 1227 1020 acceperat,
1242 977 1442 1020 aliquandiu
1460 977 1641 1011 immotum

339 1049 472 1081 stetisse
490 1049 617 1088 ferunt,
643 1050 783 1082 tandem
801 1050 850 1081 ita
867 1050 1019 1081 locutum
1037 1058 1044 1080 ε
1071 1048 1353 1081 Aberdonensem
1376 1049 1449 1092 jam
1468 1050 1549 1081 novi
1567 1060 1641 1082 eam

338 1131 469 1152 sacram
487 1122 602 1159 aedem,
627 1132 731 1163 quam
749 1126 789 1153 ut
806 1121 956 1163 deiparae
977 1121 1104 1164 virgini
1122 1120 1323 1152 aedificarem
1342 1121 1525 1163 aliquando
1543 1122 1586 1154 ab
1604 1133 1642 1154 ea

338 1194 490 1225 monitus
508 1193 561 1226 fui
579 1205 639 1236 per
656 1194 826 1236 quietem:
853 1195 1029 1226 oraculum
1056 1204 1190 1236 sequar,
1208 1204 1342 1226 sacrum
1360 1192 1640 1226 Aberdonenseni

341 1265 584 1308 magistratum
605 1263 657 1306 (ea
675 1266 772 1309 duce)
792 1265 914 1304 obibo;
938 1266 981 1297 ad
998 1265 1167 1297 labentem
1187 1266 1260 1309 ejus
1278 1266 1417 1297 domum
1441 1270 1475 1298 et
1497 1267 1642 1298 conden-

339 1336 417 1368 dam
436 1341 469 1368 et
491 1338 738 1381 reparandam,
756 1338 868 1379 quoad
887 1341 1016 1379 potero,
1041 1336 1224 1369 excubabo.
1274 1336 1377 1369 Dicto
1394 1337 1473 1369 inde
1491 1337 1642 1370 Moravi-

340 1408 413 1439 ensi
432 1409 581 1440 ecclesiae
607 1413 754 1451 pastore,
774 1406 1014 1440 Aberdoniam
1041 1409 1216 1446 concessit,
1242 1408 1301 1440 ubi
1327 1408 1491 1440 benevolo
1517 1409 1641 1441 affectu

336 1483 369 1511 et
386 1480 496 1511 multo
513 1480 641 1512 honore
659 1491 679 1512 a
697 1481 786 1512 clero
804 1484 981 1522 susceptus
1001 1477 1110 1520 (flexis
1129 1479 1236 1511 animi
1253 1483 1287 1511 et
1305 1481 1455 1522 corporis
1469 1480 1639 1524 genubus)

337 1551 514 1594 episcopus
533 1552 575 1584 ab
593 1552 751 1584 omnibus
770 1553 1014 1584 consalutatur.
1052 1551 1146 1584 Nota
1164 1552 1230 1583 viri
1249 1551 1412 1593 probitas,
1429 1552 1640 1595 probataque

340 1624 574 1662 sanctimonia,
592 1628 731 1667 gratum
746 1625 829 1655 adeo
847 1624 920 1667 ejus
938 1623 1046 1655 fecere
1064 1623 1262 1654 adventum.
1305 1621 1426 1664 Neque
1443 1623 1539 1665 prius
1557 1635 1641 1666 pon-

339 1694 458 1727 tificias
477 1695 562 1727 aedes
580 1696 714 1739 ingredi
733 1696 863 1738 optimo
880 1695 1010 1737 placuit
1027 1693 1189 1737 pontifici,
1215 1703 1318 1735 quam
1343 1694 1462 1735 templi
1488 1694 1639 1726 inchoati

339 1766 450 1808 operis
469 1767 612 1808 inspecti
630 1767 918 1809 complementum
937 1777 999 1797 sua
1016 1776 1079 1808 pro
1103 1764 1194 1796 virili
1218 1764 1271 1795 dei
1295 1764 1459 1807 genetrici
1484 1765 1640 1798 devovis-

339 1840 390 1869 set
406 1848 412 1868 :
431 1837 509 1868 inde
527 1847 596 1869 non
613 1838 723 1869 multo
740 1842 817 1879 post
835 1837 1010 1879 temporis,
1025 1836 1182 1879 tyrannis
1201 1846 1243 1867 ex
1260 1833 1520 1868 Aberdonensis
1539 1837 1640 1869 eccle-

341 1908 401 1940 siae
415 1908 507 1951 agris
525 1909 685 1950 explosis,
701 1909 852 1951 undique
870 1908 970 1940 rebus
989 1908 1129 1950 pacatis,
1147 1906 1380 1949 labefactaque
1401 1908 1565 1951 religione
1589 1919 1640 1940 re-

340 1983 470 2022 parata,
498 1980 631 2011 meliori
659 1980 797 2012 vivendi
826 1979 986 2012 instituto
1011 1978 1241 2010 sacerdotibus
1269 1978 1437 2017 formatis,
1474 1980 1637 2022 lapidum,

342 2051 451 2089 calcis,
469 2055 571 2093 atque
590 2052 736 2083 aliorum
755 2062 833 2094 quae
856 2051 899 2083 ad
923 2051 1062 2083 aedificia
1082 2050 1272 2082 necessaria
1289 2050 1504 2087 videbantur,
1527 2055 1637 2083 strues

344 2127 378 2154 et
396 2124 568 2167 congeries
587 2124 796 2156 coarcervari
818 2123 928 2167 jubet,
949 2123 1094 2155 latomos
1114 2122 1267 2164 undique
1290 2122 1333 2154 ad
1355 2122 1473 2163 templi
1496 2122 1639 2154 conditi-

345 2204 444 2227 onem
462 2197 601 2228 accersit
617 2206 624 2228 :
639 2207 742 2238 quam
760 2207 829 2229 non
846 2196 956 2228 multo
973 2199 1051 2238 post
1068 2195 1220 2227 deserere
1234 2198 1367 2226 coactus
1382 2197 1442 2231 est,
1457 2194 1638 2227 accersitus
