1955 2807
739 310 1067 347 EPISCOPORUM
1090 307 1218 338 VITAE.
1595 301 1634 329 43

328 430 516 464 Wilhelmo
542 428 696 461 animum
727 425 771 458 ad
800 424 915 466 aliquo
943 418 1237 465 proficiscendum.
1288 413 1360 446 Nec
1386 412 1446 444 diu
1473 420 1525 443 res
1552 409 1638 441 dila-

329 503 458 536 tionem
477 501 627 544 accepit3
654 496 781 541 quibus
804 495 897 527 enim
922 493 965 525 ad
982 489 1296 535 peregrinationem
1323 485 1425 518 rebus
1451 493 1537 526 opus
1564 485 1637 514 erat

331 573 547 617 comparatis,
565 569 672 603 animi
691 568 825 611 plenus,
843 565 880 597 in
899 563 1047 596 Galliam
1065 560 1200 604 trajecit
1218 571 1224 591 :
1256 558 1468 590 Parisiorum
1496 554 1640 587 celeber-

332 646 460 679 rimum
472 651 656 679 musaeum,
669 637 864 672 universale
878 635 1073 669 studiorum
1091 631 1325 676 gymnasium,
1339 628 1448 661 adivit
1463 637 1470 659 τ
1490 626 1548 659 ubi
1568 631 1643 658 tan-

333 722 405 751 tam
427 715 536 749 literis
560 712 775 758 diligentiam
799 708 979 752 impendit,
1004 710 1045 738 ut
1072 706 1236 737 anteactae
1254 701 1333 733 vitae
1357 699 1490 732 labores
1512 698 1554 730 ad
1581 697 1643 729 hos

334 789 474 823 collatos
492 786 602 820 otium
620 785 758 818 diceres.
796 781 863 814 Die
887 784 948 813 aut
966 782 1118 811 oratores
1140 774 1275 808 audivit
1293 776 1352 805 aut
1370 770 1536 814 pontificii
1554 769 1644 813 juris

335 861 544 906 professores
561 869 569 892 ε
586 862 702 895 noctu,
721 866 800 899 quae
818 854 999 887 audiverat
1017 848 1180 886 interdiu,
1199 847 1291 879 solus
1309 844 1477 877 recitavit.
1514 842 1647 874 Parcis-

338 937 445 969 simus
468 931 591 970 somni,
613 929 680 963 cibi
701 927 862 962 minimi:
888 925 1044 958 laborum
1065 918 1350 965 patientissimuS,
1367 920 1408 948 ut
1429 914 1579 948 interdiu
1604 924 1648 945 an

339 1011 444 1040 noctu
460 1005 569 1038 literis
587 1004 664 1047 plus
682 999 898 1034 insudaverit
915 996 1009 1031 haud
1028 994 1126 1027 facile
1140 991 1324 1036 judicares.
1376 986 1649 1020 Lucubrationes

340 1081 467 1122 itaque,
481 1075 676 1121 prudentia,
690 1078 724 1106 et
738 1071 897 1108 eruditio,
910 1070 947 1102 in
961 1067 1150 1100 W'ilhelmo
1166 1063 1371 1106 conspicatae
1391 1059 1490 1101 (nulli
1509 1059 1600 1091 enim
1615 1058 1650 1090 in

341 1151 485 1184 obscuro
514 1158 586 1180 esse
609 1144 784 1190 poterant)
803 1141 1015 1175 Parisienses
1033 1143 1170 1172 traxere
1189 1136 1226 1168 in
1244 1133 1518 1167 admirationem.
1571 1129 1652 1162 Non

341 1227 454 1267 potest
480 1221 540 1254 diu
566 1220 678 1252 virtus
704 1216 843 1260 obtegi:
869 1214 968 1247 effert
993 1212 1069 1255 ipsa
1094 1219 1177 1246 sese,
1203 1211 1237 1240 et
1263 1216 1332 1249 quo
1358 1205 1436 1247 plus
1463 1203 1655 1235 occultatur

343 1295 500 1340 exsurgit
529 1292 706 1326 illustrior.
757 1288 815 1321 Ad
841 1285 1008 1331 pontificii
1036 1283 1146 1327 igitur
1169 1280 1260 1325 juris
1287 1276 1496 1321 professores
1527 1275 1655 1307 accitus

344 1367 564 1403 wilhelmus,
590 1368 669 1407 post
691 1361 867 1395 laudatam
890 1359 927 1391 in
950 1368 986 1390 re
1011 1354 1165 1389 literaria
1187 1351 1415 1395 diligentiam,
1441 1348 1655 1384 modestiam,

347 1438 586 1474 eruditionem,
613 1433 771 1478 primarii
797 1430 933 1464 lectoris
965 1437 1107 1461 munere
1139 1423 1245 1468 (quod
1272 1432 1344 1454 non
1370 1421 1436 1453 nisi
1463 1419 1659 1452 eruditiori-

348 1511 465 1545 busin
483 1514 630 1551 utroque
650 1506 730 1551 jure
748 1503 891 1537 Parisiis
911 1500 1048 1535 concedi
1072 1498 1171 1541 solet)
1198 1500 1249 1528 est
1272 1495 1420 1527 donatus
1440 1503 1449 1532 ς
1476 1492 1536 1525 ubi
1562 1491 1657 1524 brevi

349 1588 486 1617 tantum
504 1579 659 1624 profecit,
685 1582 820 1610 tantam
842 1575 947 1608 sacris
971 1570 1159 1606 canonibus
1182 1567 1384 1602 enarrandis
1408 1565 1567 1599 adhibuit
1584 1564 1661 1597 dili-

349 1655 513 1700 gentiam,
539 1657 579 1685 ut
603 1649 768 1695 pontificii
788 1648 879 1693 juris
903 1645 1048 1679 studiosi
1066 1644 1103 1676 in
1120 1652 1200 1675 eum
1222 1650 1332 1673 unum
1350 1639 1465 1672 oculos
1487 1640 1662 1670 converte-

350 1731 427 1760 rent
453 1735 582 1763 omnes,
608 1727 706 1756 tanto
732 1720 879 1758 silentio,
902 1722 1002 1752 tanta
1027 1716 1223 1749 animorum
1255 1711 1445 1745 attentione
1471 1710 1661 1746 audiretur,

352 1804 390 1832 ut
409 1802 510 1831 antea
527 1796 650 1841 majori
668 1804 779 1828 nemo.
830 1792 899 1824 Sex
922 1800 1030 1823 annos
1053 1785 1292 1831 frequentibus
1316 1781 1532 1816 auditoribus
1550 1781 1663 1824 ponti-

352 1871 468 1903 ficium
489 1870 548 1914 jus
570 1866 769 1904 enarravit3
795 1863 921 1908 quibus
940 1861 1078 1899 exactis,
1096 1858 1156 1892 ubi
1182 1858 1219 1890 in
1245 1856 1350 1889 sacris
1376 1854 1521 1888 decretis
1547 1854 1664 1885 laurea

355 1942 468 1975 fuerat
485 1941 643 1977 donatus,
658 1937 839 1971 Aureliam
857 1946 892 1969 se
906 1933 1063 1972 contulit,
1077 1931 1136 1964 ubi
1149 1930 1282 1973 aliquot
1299 1931 1455 1961 moratus
1474 1935 1582 1959 annos
1600 1923 1665 1956 dif-

356 2014 507 2047 ficillima
524 2017 557 2045 et
575 2010 790 2044 abditissima
806 2018 950 2051 quaeque
971 2007 1087 2050 legum
1111 2014 1181 2036 una
1204 2012 1282 2034 cum
1304 1998 1554 2044 professoribus
1573 1997 1664 2041 juris

358 2087 418 2130 qui
441 2086 522 2118 illuc
545 2088 620 2117 tum
638 2080 864 2115 eruditissimi
884 2077 1111 2114 habebantur,
1129 2073 1324 2108 conferebat
1339 2082 1347 2104 τ
1370 2072 1454 2104 adeo
1471 2071 1570 2103 docte
1588 2080 1665 2103 eru-

358 2159 506 2202 diteque,
530 2156 620 2199 aptis
637 2153 763 2192 verbis,
781 2152 824 2185 ad
841 2161 916 2184 rem
933 2159 1038 2193 quam
1057 2147 1187 2190 optime
1205 2144 1479 2182 accommodatis,
1497 2143 1667 2176 concioni-

357 2231 421 2264 bus
438 2229 584 2273 publicis
601 2226 779 2271 proposita
793 2223 953 2268 quaedam
971 2222 1088 2265 legum
1105 2217 1302 2252 doctoribus
1320 2227 1434 2250 coram
1451 2215 1667 2259 frequentius
