1955 2807
715 320 1043 357 EPISCOPORUM
1068 315 1194 348 VITAE.
1567 310 1605 336 85

304 450 383 478 ante
408 440 639 477 meminimus,
664 436 757 470 haud
782 429 1039 467 consummatis,
1065 432 1098 460 et
1124 428 1263 469 pontem
1289 420 1443 456 condere,
1469 422 1503 449 et
1521 415 1608 448 Wil-

305 516 410 550 helmi
428 515 564 556 incepta
581 511 624 543 ad
641 509 744 542 finem
766 515 875 548 usque
898 502 1093 546 perducere,
1119 498 1193 542 ejus
1219 495 1374 528 animum
1400 500 1527 534 magna
1550 489 1607 521 ad-

306 589 446 622 modum
472 583 610 618 incessit
635 580 768 623 cupido.
819 575 921 614 Quod
951 577 991 605 ut
1016 570 1150 604 facilius
1171 570 1407 610 exequeretur,
1434 562 1545 595 voluit
1570 566 1609 592 ut

307 658 504 693 Alexander
521 652 782 688 Gallovidianus
801 647 918 692 (paulo
939 648 1041 678 antea
1058 642 1099 675 de
1117 641 1181 673 hoc
1198 640 1274 672 viro
1291 642 1343 670 est
1366 639 1609 675 memoratum)

308 732 363 766 cui
380 728 590 762 wilhelmus
608 725 787 768 episcopus
804 718 913 753 veluti
934 716 1110 761 praecipuo
1131 716 1235 755 atque
1256 709 1421 743 fidissimo
1438 705 1612 742 familiari,

309 814 388 836 suas
414 810 532 834 omnes
559 797 716 830 fortunas
744 791 899 829 credidit,
930 790 1045 833 legata
1069 786 1112 818 ad
1139 782 1319 827 collegium
1346 785 1380 812 et
1406 779 1448 811 ad
1474 781 1613 820 pontem

310 876 487 918 reciperet,
505 870 739 911 tribueretque
757 866 793 898 in
810 873 894 897 usus
912 858 1093 893 Wilhelmi
1110 858 1316 890 testamento
1334 852 1532 884 destinatos.
1581 847 1614 879 Is

312 948 414 985 enim,
425 941 723 989 quodAVilhelmo
733 936 928 981 superstite,
942 932 1084 976 collegio
1098 934 1177 963 ante
1191 927 1275 960 alios
1288 924 1424 961 faverit,
1438 923 1616 963 multaque

312 1019 422 1064 egerit
439 1017 482 1050 ad
500 1016 574 1060 ejus
591 1011 820 1047 commodum,
844 1008 887 1040 ad
904 1006 969 1039 hoc
985 1012 1112 1037 munus
1132 999 1301 1042 (omnium
1325 994 1508 1036 sententia)
1527 1004 1616 1026 com-

313 1090 533 1125 modissimus
550 1091 602 1120 est
614 1084 801 1130 judicatus.
844 1078 917 1112 Nec
935 1087 989 1110 res
1006 1076 1067 1108 diu
1084 1074 1213 1107 dilata:
1240 1080 1327 1114 pons
1345 1068 1444 1101 condi
1463 1071 1515 1099 est
1532 1076 1619 1108 coep-

314 1170 382 1201 tus,
400 1159 533 1206 ingenti
550 1156 695 1201 pecunia
707 1164 769 1197 per
782 1151 957 1185 Gavinum
972 1148 1015 1181 ad
1030 1157 1116 1190 opus
1133 1144 1265 1178 tributa
1280 1152 1289 1181 3
1312 1150 1440 1185 magna
1453 1139 1526 1182 ejus
1541 1148 1620 1180 pars

316 1234 479 1271 confecta,
496 1240 624 1274 magna
641 1222 946 1261 consummationis
963 1230 1040 1263 spes
1059 1216 1219 1251 omnibus
1237 1216 1382 1248 incussa.
1434 1209 1467 1242 N
1471 1221 1507 1242 ec
1524 1214 1622 1242 tanto

317 1317 418 1351 opere
431 1307 624 1340 contentus,
638 1299 795 1333 Gavinus
813 1294 907 1329 aliud
925 1297 977 1326 est
994 1299 1188 1336 aggressus,
1206 1286 1353 1320 basilicae
1366 1281 1623 1316 Aberdonensis

318 1379 517 1413 caelaturam
533 1385 543 1413 ;
569 1373 627 1406 sed
645 1372 710 1404 hoc
726 1377 862 1413 quoque
880 1374 1008 1409 magna
1024 1373 1067 1395 ex
1084 1365 1182 1405 parte
1200 1359 1290 1392 mira
1311 1361 1384 1390 arte
1409 1364 1625 1387 consumma-

319 1458 406 1486 tum.
437 1448 533 1482 Inter
549 1446 620 1479 haec
637 1442 730 1487 quod
747 1440 790 1474 ad
809 1438 1009 1483 religionem
1027 1434 1162 1471 attinet,
1175 1430 1305 1464 omittit
1322 1428 1409 1462 nihil
1425 1436 1434 1465 ;
1461 1432 1501 1459 ut
1519 1435 1627 1458 sacer-

320 1525 416 1557 dotes
434 1521 498 1554 rite
516 1518 636 1551 divina
652 1515 878 1557 exequantur,
895 1509 1046 1552 polleant
1059 1503 1259 1540 virtutibus,
1280 1511 1397 1534 omnes
1415 1499 1513 1531 bonis
1531 1498 1629 1530 insti-

321 1598 466 1630 tuantur
479 1589 644 1626 moribus,
657 1594 820 1631 magnam
833 1580 1003 1625 impendit
1016 1587 1165 1622 operam.
1194 1573 1411 1618 Sperandum
1424 1570 1522 1604 nobis
1536 1569 1627 1601 hunc

322 1670 449 1705 virum,
479 1664 540 1709 qui
570 1659 788 1706 pontificatus
814 1655 869 1689 sui
892 1653 1001 1687 initiis
1030 1651 1097 1695 piis
1127 1649 1211 1682 adeo
1240 1647 1429 1679 delectatur
1459 1641 1630 1686 operibus,

325 1740 471 1784 majores
489 1746 569 1770 suos
589 1732 704 1775 (modo
725 1727 945 1774 permiserint
962 1724 1048 1763 fata)
1067 1727 1100 1755 et
1117 1720 1259 1754 urbanis
1277 1723 1311 1751 et
1333 1716 1501 1760 religiosis
1525 1713 1631 1757 gestis

326 1818 556 1857 aequaturum.

923 2077 1038 2102 FINIS.
