1955 2807
715 271 1047 303 EPISCOPORUM
1072 270 1199 300 VITAE.
1575 271 1611 298 61

304 393 372 415 non
402 387 473 415 tam
502 381 545 413 ob
575 381 766 413 doctrinam
797 391 900 423 quam
931 380 1151 423 prudentiam
1183 378 1342 411 laudatus
1373 377 1614 419 undequaque,

304 459 422 498 postea
439 453 461 486 J
463 452 567 486 acobo
581 452 714 491 Quarto
731 452 946 485 consiliarius
961 456 1064 494 atque
1079 462 1099 483 a
1116 451 1254 483 secretis
1268 450 1467 493 designatus
1480 459 1489 487 余
1509 448 1615 481 Gual-

305 531 398 559 terus
413 525 584 570 Ogilvius,
599 523 767 568 singulari
780 523 958 555 exundans
973 523 1178 565 eloquentia,
1196 523 1280 554 adeo
1293 526 1333 554 ut
1346 521 1522 554 hominem
1537 531 1613 553 ver-

304 598 426 631 borum
444 597 551 640 copia,
575 595 743 628 sermonis
761 597 953 632 venustate,
970 593 1127 626 ubertate
1145 594 1405 631 sententiarum,
1424 604 1493 625 non
1511 593 1612 625 modo

304 670 480 706 delectare,
497 667 556 700 sed
575 665 627 708 (ut
641 667 691 699 ita
707 666 833 710 dicam)
852 666 1009 698 lascivire
1027 669 1062 698 et
1080 666 1256 697 luxuriare
1270 665 1398 697 diceres
1414 674 1422 703 余
1443 665 1612 709 Georgius

304 740 459 778 Dundas,
474 738 612 772 Graecas
630 743 734 781 atque
748 738 892 770 Latinas
908 738 1024 770 literas
1039 737 1193 780 apprime
1212 737 1342 774 doctus,
1362 736 1517 779 equitum
1531 736 1615 768 Hie-

302 813 630 857 rosolymitanorum
644 811 737 844 intra
751 810 932 843 Scotorum
946 821 1093 854 regnum
1107 810 1350 853 magistratum
1363 809 1473 841 multo
1489 808 1613 841 sudore

303 884 487 927 (superatis
506 884 654 925 aemulis)
673 887 793 926 postea
819 882 963 925 adeptus
979 892 988 921 余
1015 881 1037 913 J
1040 892 1166 914 oannes
1186 881 1312 925 Major,
1339 881 1519 924 theologus
1537 891 1614 912 eru-

303 957 505 994 ditissimus,
532 956 630 999 cujus
657 955 794 997 scripta,
812 954 906 986 haud
932 954 1031 986 aliter
1056 965 1161 997 quam
1190 953 1494 985 illuminatissimae
1512 952 1613 990 faces,

303 1039 469 1072 magnum
488 1027 697 1060 Christianae
721 1026 879 1070 religioni
902 1026 1048 1058 attulere
1072 1025 1253 1069 fulgorem.
1307 1024 1382 1057 Hos
1401 1025 1493 1057 viros
1513 1035 1614 1057 vene-

303 1099 415 1138 rabor,
439 1100 600 1137 excolam,
626 1098 750 1130 horum
770 1097 961 1130 doctrinam
985 1097 1160 1130 mirabor:
1187 1097 1250 1129 hoc
1274 1097 1359 1129 mihi
1384 1097 1493 1129 solum
1519 1097 1615 1129 relic-

303 1177 389 1210 tum,
413 1171 476 1203 hoc
497 1171 606 1203 solum
626 1170 772 1208 obtinui,
793 1169 864 1212 qui,
888 1170 1042 1213 ignarus,
1064 1173 1098 1201 et
1116 1169 1226 1201 omnis
1245 1179 1331 1210 pene
1348 1168 1539 1210 disciplinae
1557 1179 1614 1200 ex-

303 1253 391 1286 pers,
403 1243 518 1275 dolore
535 1242 704 1280 conficior,
726 1242 818 1285 quod
830 1245 881 1274 tot
893 1241 1010 1274 doctos
1028 1245 1257 1284 praeceptores
1275 1240 1317 1272 de
1330 1251 1385 1272 me
1399 1240 1527 1282 optime
1545 1251 1615 1273 me-

302 1315 398 1354 ritos,
424 1315 527 1347 simul
553 1318 656 1357 atque
686 1314 916 1346 Parisiensem
945 1313 1106 1351 scholam,
1141 1313 1401 1355 disciplinarum
1431 1313 1613 1345 meliorum

304 1387 457 1418 omnium
476 1390 664 1428 parentem,
689 1385 881 1417 adolescens
900 1385 960 1417 vix
977 1385 1099 1427 primis
1124 1385 1303 1417 literarum
1326 1385 1531 1417 rudimentis
1549 1385 1612 1417 im-

305 1457 408 1490 butus
434 1457 641 1500 reliquerim,
667 1457 795 1489 accitus
821 1457 864 1489 ad
882 1456 1110 1489 lVilhelmum
1137 1454 1258 1497 (veluti
1282 1456 1376 1489 haud
1399 1458 1509 1489 multo
1533 1461 1612 1490 ante

305 1529 588 1573 significavimus)
607 1533 646 1561 ut
664 1529 891 1561 adolescentes
915 1528 1094 1561 literarum
1119 1532 1273 1561 amantes
1294 1528 1383 1566 (mea
1400 1540 1462 1572 pro
1480 1530 1613 1574 exigui-

306 1602 390 1643 tate)
414 1600 512 1633 bonis
535 1600 667 1633 artibus
692 1601 918 1633 instituerem.
969 1600 1174 1634 Venientem
1199 1601 1353 1634 canonici
1374 1601 1539 1634 benevolo
1563 1601 1613 1634 af-

304 1672 396 1705 fectu
408 1683 578 1715 excepere.
606 1672 717 1704 Fuere
729 1673 886 1705 nonnulli
900 1672 1025 1705 horum
1037 1673 1194 1706 doctrina
1204 1673 1332 1717 insigni
1346 1683 1353 1705 :
1373 1673 1488 1706 David
1500 1673 1613 1706 Guth-

305 1755 406 1783 raeus,
433 1744 581 1776 Caesarei
608 1748 711 1787 atque
737 1744 902 1787 pontificii
924 1745 1015 1789 juris
1043 1744 1238 1788 professor3
1270 1745 1418 1778 Jacobus
1440 1746 1612 1793 Ogilvius,

305 1816 484 1860 theologus
510 1817 638 1855 doctor,
669 1817 762 1855 olim,
792 1816 835 1849 ob
869 1821 1056 1859 spectatam
1083 1817 1274 1850 doctrinam
1306 1821 1409 1860 atque
1436 1818 1612 1856 virtutem,

306 1888 421 1920 Sancti
440 1887 591 1921 Andreae
617 1888 891 1932 archiepiscopus
917 1889 954 1921 in
980 1899 1076 1921 sacra
1098 1888 1281 1922 Basiliensi
1307 1891 1459 1934 generali
1482 1891 1614 1933 synodo

304 1960 531 2003 designatus余
567 1960 603 1992 hi
632 1960 805 1992 natalibus
835 1965 869 1993 et
898 1960 1040 1993 familiae
1076 1961 1255 1994 nobilitate
1283 1962 1473 2000 clarissimi,
1507 1962 1614 1994 animi

304 2031 442 2064 dotibus
476 2042 580 2074 supra
610 2042 825 2064 communem
862 2032 1043 2064 hominum
1071 2032 1270 2065 facultatem
1301 2034 1512 2072 excellentes,
1547 2035 1614 2067 elo-

304 2103 455 2146 quentia,
474 2114 543 2146 qua
560 2104 749 2146 plurimum
767 2108 965 2146 potuerunt,
985 2103 1186 2146 profitendo,
1211 2105 1454 2145 concionando,
1472 2106 1615 2139 dicendo

304 2185 433 2214 causas,
453 2175 666 2208 audientium
691 2175 824 2209 animos
846 2176 882 2208 in
905 2176 959 2208 sui
981 2176 1245 2210 admirationem
1264 2177 1486 2212 vehementer
1504 2179 1617 2212 trahe-
