1955 2807
353 340 392 367 80
808 334 1204 366 ABERDONENSIUM

353 447 407 479 sit.
462 446 621 478 Prodiere
644 444 845 478 adventanti
864 444 1001 477 obviam
1019 443 1282 476 Aberdonenses
1300 443 1401 482 cives,
1427 443 1557 477 nobiles
1575 456 1657 488 quo-

353 529 419 561 que
437 518 496 560 qui
515 517 551 549 in
570 516 696 549 vicinia
713 516 927 554 habitabant,
945 515 1180 548 honorationis
1200 525 1311 548 causa.
1356 513 1591 548 Aberdoniam
1608 517 1658 549 in-

352 590 522 634 gredienti
540 589 656 621 onmia
674 586 722 629 (et
739 589 875 632 merito)
897 588 1036 621 honoris
1055 598 1180 632 genera
1198 592 1280 620 sunt
1297 587 1460 620 adhibita.
1513 587 1657 620 Fiebant

352 663 509 705 ingentes
535 671 781 703 campanarum
808 660 966 698 tinnitus,
997 659 1172 698 tibiarum,
1202 659 1432 702 tubarumque
1458 660 1657 704 clangores3

354 744 545 776 processere
562 732 700 765 obviam
717 732 868 776 religiosi
887 732 964 769 viri,
990 732 1069 764 inde
1093 731 1246 763 canonici
1264 736 1298 764 et
1315 732 1516 769 sacerdotes,
1541 743 1658 765 omnes

353 816 466 838 sacras
503 810 613 837 vestes
647 804 833 836 admodum
868 803 1033 846 pretiosas
1067 803 1181 835 induti
1201 812 1209 841 ;
1250 803 1450 836 subsecutus
1485 806 1658 848 gymnasii

354 876 609 910 Aberdonensis
624 880 745 913 rector,
759 886 837 908 cum
853 875 937 907 viris
951 875 1161 907 scholasticis
1175 873 1298 907 celebri
1312 874 1496 907 admodum
1511 886 1636 918 pompa
1651 886 1657 907 :

356 948 545 981 incredibili
566 948 698 985 laetitia,
722 947 889 979 immenso
907 957 984 979 cum
1002 947 1140 990 gaudio,
1164 951 1381 989 expectatum
1398 951 1571 990 pastorem
1589 958 1661 980 sus-

355 1031 472 1063 cepere
494 1030 621 1052 omnes.
672 1019 909 1062 Quodcunque
933 1019 1099 1062 templum
1124 1018 1391 1063 ingrediebatur,
1413 1019 1515 1052 fiebat
1533 1026 1565 1052 et
1584 1031 1661 1053 can-

355 1092 503 1125 tantium
523 1096 556 1124 et
574 1102 782 1136 organorum
801 1091 909 1124 dulcis
927 1091 1129 1129 harmonia3
1154 1090 1334 1134 fulgebant
1352 1092 1498 1134 parietes
1517 1093 1635 1125 aulaeis
1651 1103 1659 1127 ·,

356 1163 530 1207 tapetibus
548 1163 790 1196 sternebantur
807 1162 1016 1206 pavimenta,
1035 1162 1149 1195 odorae
1168 1173 1210 1194 ex
1228 1162 1414 1195 thuribulis
1428 1163 1661 1197 fundebantur

358 1235 488 1273 nubes;
521 1240 564 1272 et,
592 1239 630 1268 ut
656 1234 816 1267 brevibus
844 1245 897 1266 res
921 1233 1120 1277 explicetur,
1146 1233 1233 1266 nihil
1256 1233 1465 1267 Aberdoniae
1492 1239 1567 1267 tum
1593 1236 1659 1268 fuit

358 1307 450 1350 quod
474 1317 543 1339 non
567 1317 629 1338 suo
652 1317 746 1338 more
768 1306 907 1349 aliquod
924 1305 1056 1338 laetitiae
1074 1306 1213 1349 signum
1230 1316 1300 1348 prae
1317 1316 1352 1338 se
1370 1305 1458 1338 ferre
1476 1306 1659 1340 videretur.

360 1378 456 1416 Mox,
482 1383 522 1411 ut
547 1388 643 1410 sacra
670 1382 817 1420 peraeta,
843 1387 922 1420 quae
952 1381 1027 1409 tum
1054 1375 1192 1408 fuerant
1222 1377 1425 1420 peragenda,
1453 1378 1594 1420 quidam
1620 1390 1661 1411 ex

360 1450 569 1483 scholasticis
587 1450 761 1494 gymnasii
779 1449 874 1487 viris,
892 1449 1033 1481 rectoris
1047 1449 1159 1493 jussu,
1171 1448 1309 1481 nomine
1326 1449 1494 1492 generalis
1508 1448 1663 1483 Aberdo-

360 1523 474 1555 nensis
494 1522 618 1554 scholae
636 1521 788 1564 pontifici
803 1521 1052 1565 gratulaturus,
1069 1520 1158 1553 hanc
1171 1525 1232 1553 aut
1245 1531 1314 1553 non
1328 1521 1528 1554 dissimilem
1542 1521 1663 1556 habuit

361 1595 574 1627 orationem:
609 1593 645 1626 Si
671 1603 825 1636 unquam
852 1593 1056 1625 immortalis
1086 1592 1181 1625 Deus
1208 1603 1307 1636 opem
1335 1593 1537 1627 mortalibus
1568 1596 1664 1627 auxi-

361 1667 489 1698 liumve
515 1666 644 1703 tulerit,
670 1665 855 1697 reverende
879 1665 1033 1703 antistes,
1056 1665 1120 1697 hoc
1144 1664 1363 1708 potissimum
1389 1669 1542 1708 tempore
1566 1666 1663 1699 nobis

361 1737 665 1770 Aberdonensibus
680 1737 799 1770 tulisse
811 1736 1064 1780 comprobatur,
1082 1737 1165 1769 dum
1183 1741 1227 1775 te,
1241 1740 1275 1769 et
1293 1737 1366 1769 vita
1377 1747 1519 1781 gravem
1537 1742 1570 1770 et
1588 1738 1664 1770 doc-

361 1810 453 1842 trina
470 1810 554 1841 adeo
572 1809 753 1853 insignem,
771 1809 868 1841 nobis
887 1809 980 1841 dedit
993 1813 1175 1851 pastorem.
1220 1806 1350 1841 Divina
1363 1819 1466 1851 opera
1478 1809 1576 1853 justa
1593 1820 1664 1843 esse

361 1886 465 1923 atque
483 1885 600 1912 sancta
623 1881 850 1923 undequaque
873 1890 1008 1912 necesse
1026 1884 1099 1912 est:
1126 1884 1162 1912 at
1178 1879 1266 1912 nihil
1286 1880 1424 1919 rectius,
1448 1885 1566 1913 nostra
1591 1892 1665 1914 sen-

362 1953 480 1991 tentia,
494 1953 568 1996 jam
579 1952 705 1985 multos
717 1962 824 1984 annos
839 1952 948 1996 egisse
963 1952 1110 1990 videtur,
1121 1962 1225 1995 quam
1239 1952 1330 1995 quod
1342 1956 1386 1990 te,
1398 1956 1555 1995 optatum
1562 1954 1665 1997 Juxta

363 2030 466 2068 atque
484 2024 713 2057 necessarium
731 2022 971 2056 Aberdonensi
989 2023 1072 2061 sedi,
1089 2023 1245 2066 procellis
1265 2023 1317 2064 (ut
1335 2024 1384 2056 ita
1401 2024 1526 2068 dicam)
1544 2024 1666 2057 fluctu-

364 2096 447 2133 anti,
474 2097 543 2128 imo
568 2106 654 2139 pene
680 2095 926 2139 submergenti,
943 2099 1109 2127 rectorem
1127 2095 1267 2133 creavit,
1285 2096 1345 2139 qui
1370 2095 1459 2128 hanc
1484 2096 1665 2134 dioecesim,

364 2168 550 2200 rectissime
568 2167 803 2212 gubernando,
818 2167 854 2200 in
868 2171 1025 2199 sanctum
1039 2177 1118 2200 eum
1136 2172 1265 2200 statum
1283 2178 1304 2200 a
1320 2178 1389 2211 quo
1405 2178 1490 2210 pene
1512 2166 1665 2206 defluxit,

366 2239 547 2282 redigeres.
599 2239 686 2277 Quis
708 2239 846 2278 etenim,
868 2250 997 2282 quaeso,
1015 2250 1032 2272 e
1050 2239 1180 2272 cunctis
1202 2240 1328 2273 nostris
1347 2239 1605 2279 contribulibus,
1623 2241 1666 2272 ad
