1955 2807
316 303 356 330 36
771 298 1168 330 ABERDONENSIUM

318 413 440 441 varent
455 417 463 447 ;
490 407 697 452 injuriarum
723 407 879 439 omnium
905 407 1112 449 sponderent
1137 406 1399 449 reparationem.
1457 407 1620 447 Thomas,

318 484 351 512 et
369 480 427 523 qui
445 489 522 512 cum
541 490 579 511 eo
597 479 802 523 legationem
822 478 980 523 agebant,
997 478 1039 510 ad
1054 477 1259 510 Eduardum
1276 479 1462 517 venientes,
1481 481 1622 513 comiter

321 551 500 593 multaque
518 550 737 583 veneratione
754 554 836 583 sunt
852 550 989 593 recepti.
1025 549 1157 582 Audita
1175 551 1265 594 regis
1284 551 1466 593 postulata,
1484 562 1563 595 quae
1581 553 1624 584 ad

319 622 498 664 utriusque
512 622 629 665 populi
642 622 862 665 tranquillam
875 633 992 665 pacem
1004 621 1204 665 felicemque
1214 633 1407 656 successum
1419 624 1623 663 attinebant,

318 692 539 725 vehementer
552 693 711 726 omnibus
727 699 808 727 sunt
821 693 974 737 probata.
1014 693 1097 726 Inde
1111 695 1232 738 legatis
1247 705 1288 727 ex
1302 697 1473 728 sententia
1486 707 1625 739 respon-

318 775 405 797 sum.
420 763 613 797 Defunctus
622 765 686 797 hac
694 765 865 809 legatione
873 764 1026 797 Thomas
1038 765 1073 797 in
1085 766 1233 808 patriam
1243 767 1439 806 revertitur,
1451 768 1561 801 tribus
1574 779 1625 801 re-

318 835 431 879 gibus,
439 835 583 874 Franco,
590 835 717 880 Anglo,
724 841 758 868 et
764 835 875 874 Scoto,
882 836 974 868 haud
984 836 1074 868 idem
1084 837 1322 879 undequaque,
1332 842 1365 870 et
1374 849 1624 882 nonnunquam

319 907 490 939 contraria
507 910 541 938 et
558 907 697 939 inimica
715 907 953 945 sentientibus,
979 917 1088 946 carus,
1114 912 1218 950 atque
1241 908 1332 941 inter
1354 910 1544 959 praecipuos
1562 922 1626 943 nu-

318 981 469 1009 meratus
484 977 694 1010 consiliarios
708 987 716 1017 3
736 978 828 1021 quod
842 979 1019 1011 excellenti
1033 978 1209 1022 probitati,
1224 980 1407 1022 exquisitae
1421 982 1625 1024 prudentiae,

319 1049 530 1081 admirandae
549 1049 682 1087 virtuti,
697 1049 851 1082 omnium
871 1050 1124 1083 existimatione
1139 1055 1212 1083 erat
1231 1051 1463 1084 tribuendum.
1507 1052 1626 1086 Perse-

319 1120 452 1152 veravit
470 1120 545 1152 viro
569 1124 765 1152 constanter
791 1120 866 1153 haec
891 1121 983 1163 apud
1009 1125 1078 1154 tres
1105 1132 1201 1165 reges
1228 1121 1465 1156 benevolentia
1482 1125 1524 1156 ad
1543 1125 1625 1157 vitae

319 1191 450 1223 exitum
468 1201 537 1223 non
551 1191 624 1223 sine
641 1192 742 1224 laude
755 1196 789 1224 et
802 1193 1039 1231 admiratione,
1057 1204 1162 1236 quam
1180 1194 1302 1232 multo,
1316 1204 1379 1236 pro
1397 1205 1514 1228 eorum
1533 1207 1625 1238 pace,

320 1273 382 1305 pro
394 1273 579 1306 regnorum
593 1263 718 1306 quiete,
731 1264 857 1296 meruit
869 1264 1002 1296 sudore.
1031 1264 1121 1297 Nam
1133 1265 1224 1308 quod
1236 1266 1426 1308 periculoso
1436 1266 1524 1299 bello
1535 1268 1625 1300 inter

320 1332 454 1377 Anglos
473 1338 506 1366 et
521 1333 683 1372 Francos,
701 1333 859 1367 Eduardi
877 1339 911 1367 et
928 1335 1097 1368 Ludovici
1117 1335 1298 1369 Undecimi
1316 1338 1528 1371 memorabili
1547 1349 1625 1372 con-

320 1414 440 1448 gressu
458 1408 647 1448 mutuaque
665 1406 869 1438 allocutione
892 1407 984 1449 apud
1002 1406 1293 1451 Pinquigniacum
1317 1409 1353 1441 in
1371 1408 1625 1443 Ambianorum

321 1487 415 1520 agro,
430 1476 503 1508 sine
517 1476 658 1509 alterius
667 1477 815 1521 jactura,
828 1477 898 1510 imo
914 1479 1095 1521 utriusque
1109 1480 1297 1518 commodo,
1311 1480 1387 1513 finis
1399 1480 1504 1514 fuerit
1516 1482 1626 1525 impo-

320 1547 418 1586 situs,
430 1547 576 1580 Thomae
588 1559 714 1592 magna
725 1560 767 1581 ex
779 1554 876 1592 parte
887 1549 955 1582 fuit
966 1561 1051 1593 opus
1065 1559 1072 1582 :
1090 1552 1182 1594 quod
1194 1551 1284 1584 inter
1290 1551 1313 1584 J
1314 1552 1456 1586 acobum
1465 1553 1624 1587 Tertium

321 1623 354 1652 et
368 1618 573 1652 Eduardum
591 1624 642 1653 tot
660 1631 767 1653 annos
786 1620 897 1654 foedus
916 1622 1120 1655 inviolatum
1138 1627 1172 1655 et
1189 1633 1257 1665 pax
1271 1623 1370 1656 firma
1386 1627 1623 1667 permanserit,

323 1690 468 1724 Thomae
486 1692 556 1724 ulla
573 1692 646 1724 sine
664 1693 897 1725 controversia
914 1693 1140 1726 tribuebatur.
1175 1694 1349 1728 Reversus
1366 1696 1485 1740 igitur,
1503 1698 1555 1730 uti
1572 1703 1624 1730 est

321 1762 462 1800 dictum,
481 1763 635 1796 Thomas
653 1764 690 1796 in
708 1763 869 1803 Scotiam,
887 1765 1057 1809 legatione
1075 1765 1220 1799 feliciter
1237 1770 1323 1804 acta,
1348 1777 1429 1809 pace
1447 1772 1481 1800 et
1497 1767 1623 1801 foedere

322 1834 412 1866 inter
425 1845 521 1878 reges
535 1839 569 1866 et
582 1836 726 1878 populos
739 1840 915 1874 renovato,
933 1837 993 1879 qui
1011 1841 1045 1869 et
1061 1837 1219 1879 privatus
1236 1841 1270 1870 et
1287 1837 1443 1880 publicus
1457 1839 1622 1873 hactenus

322 1905 396 1937 aliis
411 1906 555 1944 vixerat,
569 1917 703 1949 semper
716 1907 836 1945 aliena,
851 1918 985 1950 semper
1000 1908 1151 1940 maxima
1164 1908 1329 1947 obiverat,
1338 1910 1413 1954 jam
1427 1910 1492 1942 sibi
1507 1911 1623 1943 vivere

322 1976 465 2018 cupidus
483 1975 717 2009 Aberdoniam
735 1978 909 2011 concessit.
960 1977 1145 2011 Basilicam
1163 1981 1373 2014 ornamentis
1391 1982 1622 2024 compluribus

323 2047 474 2085 donavit,
486 2048 590 2080 sacris
603 2048 766 2087 vestibus,
778 2050 905 2092 cappis,
916 2050 1050 2088 casulis,
1061 2051 1197 2090 tunicis,
1209 2051 1411 2086 Dalmaticis
1426 2052 1479 2093 (ut
1489 2054 1621 2096 dicunt)

323 2119 426 2151 variis
453 2130 494 2151 ex
520 2130 604 2152 auro
627 2120 750 2159 textili,
773 2121 1013 2165 argenteisque
1031 2122 1121 2154 vasis
1143 2123 1186 2155 ad
1206 2124 1362 2156 usumin
1379 2124 1506 2162 sacris3
1533 2135 1621 2167 prae-

323 2188 461 2231 cipuum
485 2191 592 2224 altare
615 2191 733 2224 tabula
754 2196 788 2225 et
810 2193 934 2226 statuis
958 2193 1038 2226 miri
1060 2193 1194 2227 artificii
1215 2194 1377 2228 adhibitis
1394 2195 1437 2227 ad
1454 2195 1619 2235 decorem,
