<?xml version="1.0" encoding="UTF-8"?>
<!DOCTYPE html PUBLIC "-//W3C//DTD XHTML 1.0 Transitional//EN"
    "http://www.w3.org/TR/xhtml1/DTD/xhtml1-transitional.dtd">
<html xmlns="http://www.w3.org/1999/xhtml" xml:lang="en" lang="en">
 <head>
  <title>
</title>
<meta http-equiv="Content-Type" content="text/html;charset=utf-8" />
  <meta name='ocr-system' content='tesseract 3.04.00' />
  <meta name='ocr-capabilities' content='ocr_page ocr_carea ocr_par ocr_line ocrx_word'/>
</head>
<body>
  <div class='ocr_page' id='page_1' title='image "./hectorisboetiimu00bann_0075.png"; bbox 0 0 1955 2807; ppageno 0'>
   <div class='ocr_carea' id='block_1_1' title="bbox 706 270 1598 303">
    <p class='ocr_par' dir='ltr' id='par_1_1' title="bbox 706 270 1598 303">
     <span class='ocr_line' id='line_1_1' title="bbox 706 270 1598 303; baseline 0.002 -2"><span class='ocrx_word' id='word_1_1' title='bbox 706 271 1036 302; x_wconf 87' lang='lat' dir='ltr'>EPISCOPORUM</span> <span class='ocrx_word' id='word_1_2' title='bbox 1059 270 1187 301; x_wconf 84' lang='lat' dir='ltr'><strong>VITAE.</strong></span> <span class='ocrx_word' id='word_1_3' title='bbox 1560 276 1598 303; x_wconf 73' lang='lat'><strong>57</strong></span> 
     </span>
    </p>
   </div>
   <div class='ocr_carea' id='block_1_2' title="bbox 294 379 1606 2219">
    <p class='ocr_par' dir='ltr' id='par_1_2' title="bbox 294 379 1606 2219">
     <span class='ocr_line' id='line_1_2' title="bbox 296 379 1601 423; baseline 0.002 -12"><span class='ocrx_word' id='word_1_4' title='bbox 296 389 446 422; x_wconf 84' lang='lat' dir='ltr'><strong>spexere,</strong></span> <span class='ocrx_word' id='word_1_5' title='bbox 472 379 654 418; x_wconf 84' lang='lat' dir='ltr'><strong>hortantis,</strong></span> <span class='ocrx_word' id='word_1_6' title='bbox 676 380 858 419; x_wconf 84' lang='lat' dir='ltr'><strong>monentis,</strong></span> <span class='ocrx_word' id='word_1_7' title='bbox 876 381 1058 423; x_wconf 85' lang='lat' dir='ltr'><strong>precantis,</strong></span> <span class='ocrx_word' id='word_1_8' title='bbox 1084 390 1220 412; x_wconf 89' lang='lat' dir='ltr'><strong>omnem</strong></span> <span class='ocrx_word' id='word_1_9' title='bbox 1239 379 1424 422; x_wconf 84' lang='lat' dir='ltr'>deposuere</span> <span class='ocrx_word' id='word_1_10' title='bbox 1451 381 1601 423; x_wconf 89' lang='lat' dir='ltr'><strong>pertina-</strong></span> 
     </span>
     <span class='ocr_line' id='line_1_3' title="bbox 296 451 1601 496; baseline 0.002 -13"><span class='ocrx_word' id='word_1_11' title='bbox 296 451 395 489; x_wconf 86' lang='lat' dir='ltr'><strong>ciam,</strong></span> <span class='ocrx_word' id='word_1_12' title='bbox 420 462 492 483; x_wconf 92' lang='lat' dir='ltr'><strong>rem</strong></span> <span class='ocrx_word' id='word_1_13' title='bbox 511 452 547 484; x_wconf 91' lang='lat' dir='ltr'><strong>in</strong></span> <span class='ocrx_word' id='word_1_14' title='bbox 564 451 638 496; x_wconf 86' lang='lat' dir='ltr'><strong>ejus</strong></span> <span class='ocrx_word' id='word_1_15' title='bbox 664 452 816 484; x_wconf 79' lang='lat' dir='ltr'>detulere</span> <span class='ocrx_word' id='word_1_16' title='bbox 838 451 1031 484; x_wconf 85' lang='lat' dir='ltr'><strong>arbitrium.</strong></span> <span class='ocrx_word' id='word_1_17' title='bbox 1082 451 1189 484; x_wconf 89' lang='lat' dir='ltr'><strong>Facta</strong></span> <span class='ocrx_word' id='word_1_18' title='bbox 1207 452 1286 484; x_wconf 88' lang='lat' dir='ltr'><strong>inde</strong></span> <span class='ocrx_word' id='word_1_19' title='bbox 1304 452 1378 496; x_wconf 87' lang='lat' dir='ltr'><strong>ejus</strong></span> <span class='ocrx_word' id='word_1_20' title='bbox 1396 463 1499 495; x_wconf 89' lang='lat' dir='ltr'><strong>opera</strong></span> <span class='ocrx_word' id='word_1_21' title='bbox 1519 463 1601 496; x_wconf 88' lang='lat' dir='ltr'><strong>pace</strong></span> 
     </span>
     <span class='ocr_line' id='line_1_4' title="bbox 296 522 1602 567; baseline 0.002 -12"><span class='ocrx_word' id='word_1_22' title='bbox 296 523 396 555; x_wconf 84' lang='lat' dir='ltr'><strong>certis</strong></span> <span class='ocrx_word' id='word_1_23' title='bbox 414 523 546 567; x_wconf 87' lang='lat' dir='ltr'><strong>legibus</strong></span> <span class='ocrx_word' id='word_1_24' title='bbox 564 523 654 555; x_wconf 87' lang='lat' dir='ltr'><strong>inter</strong></span> <span class='ocrx_word' id='word_1_25' title='bbox 671 523 825 565; x_wconf 87' lang='lat' dir='ltr'><strong>populos,</strong></span> <span class='ocrx_word' id='word_1_26' title='bbox 843 522 1002 560; x_wconf 86' lang='lat' dir='ltr'><strong>Jacobus,</strong></span> <span class='ocrx_word' id='word_1_27' title='bbox 1017 522 1196 555; x_wconf 82' lang='lat' dir='ltr'><strong>wilhelmi</strong></span> <span class='ocrx_word' id='word_1_28' title='bbox 1212 524 1363 562; x_wconf 87' lang='lat' dir='ltr'><strong>consilio,</strong></span> <span class='ocrx_word' id='word_1_29' title='bbox 1381 525 1532 567; x_wconf 88' lang='lat' dir='ltr'><strong>primum</strong></span> <span class='ocrx_word' id='word_1_30' title='bbox 1550 526 1602 558; x_wconf 90' lang='lat' dir='ltr'><strong>in-</strong></span> 
     </span>
     <span class='ocr_line' id='line_1_5' title="bbox 295 593 1602 641; baseline 0.004 -16"><span class='ocrx_word' id='word_1_31' title='bbox 295 595 495 627; x_wconf 87' lang='lat' dir='ltr'><strong>sulanorum</strong></span> <span class='ocrx_word' id='word_1_32' title='bbox 513 598 824 636; x_wconf 87' lang='lat' dir='ltr'><strong>montanorumque</strong></span> <span class='ocrx_word' id='word_1_33' title='bbox 842 598 957 626; x_wconf 87' lang='lat' dir='ltr'><strong>motus</strong></span> <span class='ocrx_word' id='word_1_34' title='bbox 975 595 1184 636; x_wconf 84' lang='lat' dir='ltr'><strong>compescuit</strong></span> <span class='ocrx_word' id='word_1_35' title='bbox 1205 593 1305 636; x_wconf 86' lang='lat' dir='ltr'><strong>(solet</strong></span> <span class='ocrx_word' id='word_1_36' title='bbox 1322 596 1396 629; x_wconf 82' lang='lat' dir='ltr'><strong>haec</strong></span> <span class='ocrx_word' id='word_1_37' title='bbox 1414 608 1509 641; x_wconf 85' lang='lat' dir='ltr'><strong>gens,</strong></span> <span class='ocrx_word' id='word_1_38' title='bbox 1535 598 1602 630; x_wconf 89' lang='lat' dir='ltr'><strong>nisi</strong></span> 
     </span>
     <span class='ocr_line' id='line_1_6' title="bbox 296 665 1601 712; baseline 0.004 -15"><span class='ocrx_word' id='word_1_39' title='bbox 296 666 390 709; x_wconf 85' lang='lat' dir='ltr'><strong>regia</strong></span> <span class='ocrx_word' id='word_1_40' title='bbox 414 665 614 697; x_wconf 86' lang='lat' dir='ltr'><strong>cohibeatur</strong></span> <span class='ocrx_word' id='word_1_41' title='bbox 643 665 858 704; x_wconf 87' lang='lat' dir='ltr'><strong>auctoritate,</strong></span> <span class='ocrx_word' id='word_1_42' title='bbox 886 676 1020 708; x_wconf 86' lang='lat' dir='ltr'><strong>semper</strong></span> <span class='ocrx_word' id='word_1_43' title='bbox 1047 665 1211 698; x_wconf 88' lang='lat' dir='ltr'><strong>intestina</strong></span> <span class='ocrx_word' id='word_1_44' title='bbox 1237 667 1405 700; x_wconf 89' lang='lat' dir='ltr'><strong>seditione</strong></span> <span class='ocrx_word' id='word_1_45' title='bbox 1432 669 1601 712; x_wconf 82' lang='lat' dir='ltr'><strong>laborare)</strong></span> 
     </span>
     <span class='ocr_line' id='line_1_7' title="bbox 294 736 1602 783; baseline 0.003 -14"><span class='ocrx_word' id='word_1_46' title='bbox 294 737 415 769; x_wconf 86' lang='lat' dir='ltr'><strong>deinde</strong></span> <span class='ocrx_word' id='word_1_47' title='bbox 444 737 486 769; x_wconf 90' lang='lat' dir='ltr'><strong>ad</strong></span> <span class='ocrx_word' id='word_1_48' title='bbox 508 737 665 780; x_wconf 84' lang='lat' dir='ltr'><strong>politiam</strong></span> <span class='ocrx_word' id='word_1_49' title='bbox 690 736 840 769; x_wconf 86' lang='lat' dir='ltr'><strong>urbanos</strong></span> <span class='ocrx_word' id='word_1_50' title='bbox 866 737 1051 780; x_wconf 88' lang='lat' dir='ltr'><strong>civilesque</strong></span> <span class='ocrx_word' id='word_1_51' title='bbox 1075 748 1187 770; x_wconf 89' lang='lat' dir='ltr'><strong>mores</strong></span> <span class='ocrx_word' id='word_1_52' title='bbox 1210 739 1351 771; x_wconf 87' lang='lat' dir='ltr'><strong>monitis</strong></span> <span class='ocrx_word' id='word_1_53' title='bbox 1378 744 1411 772; x_wconf 89' lang='lat' dir='ltr'><strong>et</strong></span> <span class='ocrx_word' id='word_1_54' title='bbox 1437 741 1602 783; x_wconf 87' lang='lat' dir='ltr'><strong>exemplis</strong></span> 
     </span>
     <span class='ocr_line' id='line_1_8' title="bbox 295 808 1602 856; baseline 0.002 -15"><span class='ocrx_word' id='word_1_55' title='bbox 295 819 412 842; x_wconf 87' lang='lat' dir='ltr'><strong>omnes</strong></span> <span class='ocrx_word' id='word_1_56' title='bbox 435 809 602 841; x_wconf 86' lang='lat' dir='ltr'><strong>incitavit.</strong></span> <span class='ocrx_word' id='word_1_57' title='bbox 653 808 782 852; x_wconf 88' lang='lat' dir='ltr'><strong>Ampla</strong></span> <span class='ocrx_word' id='word_1_58' title='bbox 808 809 991 841; x_wconf 82' lang='lat' dir='ltr'><strong>aedificavit</strong></span> <span class='ocrx_word' id='word_1_59' title='bbox 1009 809 1138 852; x_wconf 83' lang='lat' dir='ltr'><strong>palatia</strong></span> <span class='ocrx_word' id='word_1_60' title='bbox 1156 809 1374 855; x_wconf 86' lang='lat' dir='ltr'><strong>Stryvilingi,</strong></span> <span class='ocrx_word' id='word_1_61' title='bbox 1394 810 1602 856; x_wconf 87' lang='lat' dir='ltr'><strong>Edinburgi,</strong></span> 
     </span>
     <span class='ocr_line' id='line_1_9' title="bbox 295 880 1603 924; baseline 0.002 -11"><span class='ocrx_word' id='word_1_62' title='bbox 295 880 536 919; x_wconf 85' lang='lat' dir='ltr'><strong>Falcolandiae,</strong></span> <span class='ocrx_word' id='word_1_63' title='bbox 563 882 769 923; x_wconf 86' lang='lat' dir='ltr'><strong>ornavitque</strong></span> <span class='ocrx_word' id='word_1_64' title='bbox 792 892 831 913; x_wconf 87' lang='lat' dir='ltr'><strong>ea</strong></span> <span class='ocrx_word' id='word_1_65' title='bbox 853 881 964 913; x_wconf 87' lang='lat' dir='ltr'><strong>multa</strong></span> <span class='ocrx_word' id='word_1_66' title='bbox 989 885 1023 914; x_wconf 90' lang='lat' dir='ltr'><strong>et</strong></span> <span class='ocrx_word' id='word_1_67' title='bbox 1049 882 1199 924; x_wconf 87' lang='lat' dir='ltr'><strong>pretiosa</strong></span> <span class='ocrx_word' id='word_1_68' title='bbox 1221 883 1433 924; x_wconf 85' lang='lat' dir='ltr'><strong>supellectili.</strong></span> <span class='ocrx_word' id='word_1_69' title='bbox 1486 883 1603 922; x_wconf 89' lang='lat' dir='ltr'><strong>Multi,</strong></span> 
     </span>
     <span class='ocr_line' id='line_1_10' title="bbox 296 952 1603 997; baseline 0.003 -13"><span class='ocrx_word' id='word_1_70' title='bbox 296 953 386 996; x_wconf 87' lang='lat' dir='ltr'><strong>regis</strong></span> <span class='ocrx_word' id='word_1_71' title='bbox 404 954 600 995; x_wconf 86' lang='lat' dir='ltr'><strong>exemplum</strong></span> <span class='ocrx_word' id='word_1_72' title='bbox 618 953 736 991; x_wconf 87' lang='lat' dir='ltr'><strong>secuti,</strong></span> <span class='ocrx_word' id='word_1_73' title='bbox 756 963 828 985; x_wconf 88' lang='lat' dir='ltr'><strong>sese</strong></span> <span class='ocrx_word' id='word_1_74' title='bbox 846 953 882 985; x_wconf 92' lang='lat' dir='ltr'><strong>in</strong></span> <span class='ocrx_word' id='word_1_75' title='bbox 900 953 974 997; x_wconf 87' lang='lat' dir='ltr'><strong>ejus</strong></span> <span class='ocrx_word' id='word_1_76' title='bbox 992 964 1104 985; x_wconf 89' lang='lat' dir='ltr'><strong>mores</strong></span> <span class='ocrx_word' id='word_1_77' title='bbox 1122 952 1328 986; x_wconf 87' lang='lat' dir='ltr'><strong>formarunt.</strong></span> <span class='ocrx_word' id='word_1_78' title='bbox 1375 953 1565 997; x_wconf 85' lang='lat' dir='ltr'><strong>Populares</strong></span> <span class='ocrx_word' id='word_1_79' title='bbox 1583 967 1603 988; x_wconf 88' lang='lat' dir='ltr'><strong>a</strong></span> 
     </span>
     <span class='ocr_line' id='line_1_11' title="bbox 295 1024 1604 1068; baseline 0.003 -12"><span class='ocrx_word' id='word_1_80' title='bbox 295 1029 497 1068; x_wconf 87' lang='lat' dir='ltr'><strong>magnatum</strong></span> <span class='ocrx_word' id='word_1_81' title='bbox 521 1024 701 1057; x_wconf 86' lang='lat' dir='ltr'><strong>tutabatur</strong></span> <span class='ocrx_word' id='word_1_82' title='bbox 718 1024 872 1068; x_wconf 79' lang='lat' dir='ltr'><strong>injuria3</strong></span> <span class='ocrx_word' id='word_1_83' title='bbox 900 1028 1090 1068; x_wconf 88' lang='lat' dir='ltr'><strong>magnates,</strong></span> <span class='ocrx_word' id='word_1_84' title='bbox 1116 1025 1245 1067; x_wconf 85' lang='lat' dir='ltr'><strong>partim</strong></span> <span class='ocrx_word' id='word_1_85' title='bbox 1266 1026 1447 1058; x_wconf 89' lang='lat' dir='ltr'><strong>clementia</strong></span> <span class='ocrx_word' id='word_1_86' title='bbox 1468 1031 1501 1059; x_wconf 89' lang='lat' dir='ltr'><strong>et</strong></span> <span class='ocrx_word' id='word_1_87' title='bbox 1522 1028 1604 1060; x_wconf 89' lang='lat' dir='ltr'><strong>libe-</strong></span> 
     </span>
     <span class='ocr_line' id='line_1_12' title="bbox 296 1096 1604 1141; baseline 0.003 -13"><span class='ocrx_word' id='word_1_88' title='bbox 296 1096 442 1134; x_wconf 88' lang='lat' dir='ltr'><strong>ralitate,</strong></span> <span class='ocrx_word' id='word_1_89' title='bbox 460 1096 586 1138; x_wconf 88' lang='lat' dir='ltr'><strong>partim</strong></span> <span class='ocrx_word' id='word_1_90' title='bbox 604 1106 784 1138; x_wconf 86' lang='lat' dir='ltr'><strong>poenarum</strong></span> <span class='ocrx_word' id='word_1_91' title='bbox 807 1100 902 1128; x_wconf 85' lang='lat' dir='ltr'><strong>metu</strong></span> <span class='ocrx_word' id='word_1_92' title='bbox 920 1100 954 1128; x_wconf 87' lang='lat' dir='ltr'><strong>et</strong></span> <span class='ocrx_word' id='word_1_93' title='bbox 972 1096 1187 1134; x_wconf 87' lang='lat' dir='ltr'><strong>auctoritate,</strong></span> <span class='ocrx_word' id='word_1_94' title='bbox 1212 1098 1370 1130; x_wconf 86' lang='lat' dir='ltr'><strong>concordi</strong></span> <span class='ocrx_word' id='word_1_95' title='bbox 1392 1109 1473 1141; x_wconf 86' lang='lat' dir='ltr'><strong>pace</strong></span> <span class='ocrx_word' id='word_1_96' title='bbox 1497 1100 1604 1132; x_wconf 85' lang='lat' dir='ltr'><strong>conti-</strong></span> 
     </span>
     <span class='ocr_line' id='line_1_13' title="bbox 295 1166 1605 1214; baseline 0.004 -15"><span class='ocrx_word' id='word_1_97' title='bbox 295 1168 381 1199; x_wconf 90' lang='lat' dir='ltr'><strong>nuit.</strong></span> <span class='ocrx_word' id='word_1_98' title='bbox 433 1166 529 1211; x_wconf 87' lang='lat' dir='ltr'><strong>Ergo</strong></span> <span class='ocrx_word' id='word_1_99' title='bbox 546 1167 638 1210; x_wconf 92' lang='lat' dir='ltr'><strong>quod</strong></span> <span class='ocrx_word' id='word_1_100' title='bbox 656 1178 724 1210; x_wconf 88' lang='lat' dir='ltr'><strong>pax</strong></span> <span class='ocrx_word' id='word_1_101' title='bbox 747 1178 854 1211; x_wconf 87' lang='lat' dir='ltr'><strong>regno</strong></span> <span class='ocrx_word' id='word_1_102' title='bbox 872 1168 1016 1206; x_wconf 84' lang='lat' dir='ltr'><strong>reddita,</strong></span> <span class='ocrx_word' id='word_1_103' title='bbox 1034 1168 1185 1200; x_wconf 90' lang='lat' dir='ltr'><strong>insulani</strong></span> <span class='ocrx_word' id='word_1_104' title='bbox 1204 1169 1337 1207; x_wconf 90' lang='lat' dir='ltr'><strong>domiti,</strong></span> <span class='ocrx_word' id='word_1_105' title='bbox 1355 1175 1534 1214; x_wconf 86' lang='lat' dir='ltr'><strong>magnates</strong></span> <span class='ocrx_word' id='word_1_106' title='bbox 1557 1170 1605 1204; x_wconf 90' lang='lat' dir='ltr'><strong>ef-</strong></span> 
     </span>
     <span class='ocr_line' id='line_1_14' title="bbox 294 1238 1605 1284; baseline 0.002 -13"><span class='ocrx_word' id='word_1_107' title='bbox 294 1238 374 1271; x_wconf 87' lang='lat' dir='ltr'><strong>fecti</strong></span> <span class='ocrx_word' id='word_1_108' title='bbox 395 1239 587 1277; x_wconf 86' lang='lat' dir='ltr'><strong>concordes,</strong></span> <span class='ocrx_word' id='word_1_109' title='bbox 614 1239 841 1283; x_wconf 87' lang='lat' dir='ltr'><strong>undequaque</strong></span> <span class='ocrx_word' id='word_1_110' title='bbox 867 1239 990 1282; x_wconf 84' lang='lat' dir='ltr'><strong>plebeii</strong></span> <span class='ocrx_word' id='word_1_111' title='bbox 1016 1240 1225 1284; x_wconf 85' lang='lat' dir='ltr'><strong>injuriarum</strong></span> <span class='ocrx_word' id='word_1_112' title='bbox 1252 1245 1347 1274; x_wconf 89' lang='lat' dir='ltr'><strong>metu</strong></span> <span class='ocrx_word' id='word_1_113' title='bbox 1373 1240 1489 1280; x_wconf 85' lang='lat' dir='ltr'><strong>levati,</strong></span> <span class='ocrx_word' id='word_1_114' title='bbox 1516 1242 1605 1275; x_wconf 87' lang='lat' dir='ltr'><strong>Wil-</strong></span> 
     </span>
     <span class='ocr_line' id='line_1_15' title="bbox 294 1310 1603 1356; baseline 0.003 -14"><span class='ocrx_word' id='word_1_115' title='bbox 294 1310 399 1342; x_wconf 89' lang='lat' dir='ltr'><strong>helmi</strong></span> <span class='ocrx_word' id='word_1_116' title='bbox 429 1321 556 1355; x_wconf 86' lang='lat' dir='ltr'><strong>magna</strong></span> <span class='ocrx_word' id='word_1_117' title='bbox 581 1322 623 1343; x_wconf 87' lang='lat' dir='ltr'><strong>ex</strong></span> <span class='ocrx_word' id='word_1_118' title='bbox 653 1316 750 1354; x_wconf 87' lang='lat' dir='ltr'><strong>parte</strong></span> <span class='ocrx_word' id='word_1_119' title='bbox 776 1311 843 1344; x_wconf 88' lang='lat' dir='ltr'><strong>fuit</strong></span> <span class='ocrx_word' id='word_1_120' title='bbox 869 1322 966 1354; x_wconf 88' lang='lat' dir='ltr'><strong>opus,</strong></span> <span class='ocrx_word' id='word_1_121' title='bbox 993 1311 1250 1355; x_wconf 54' lang='lat' dir='ltr'><strong>WVilhelmoque</strong></span> <span class='ocrx_word' id='word_1_122' title='bbox 1282 1312 1517 1352; x_wconf 89' lang='lat' dir='ltr'><strong>tribuendum,</strong></span> <span class='ocrx_word' id='word_1_123' title='bbox 1543 1315 1603 1356; x_wconf 91' lang='lat' dir='ltr'><strong>qui</strong></span> 
     </span>
     <span class='ocr_line' id='line_1_16' title="bbox 296 1382 1603 1429; baseline 0.004 -16"><span class='ocrx_word' id='word_1_124' title='bbox 296 1392 356 1414; x_wconf 88' lang='lat' dir='ltr'><strong>nec</strong></span> <span class='ocrx_word' id='word_1_125' title='bbox 373 1382 529 1424; x_wconf 88' lang='lat' dir='ltr'><strong>publicus</strong></span> <span class='ocrx_word' id='word_1_126' title='bbox 548 1393 609 1414; x_wconf 89' lang='lat' dir='ltr'><strong>uec</strong></span> <span class='ocrx_word' id='word_1_127' title='bbox 626 1383 783 1425; x_wconf 85' lang='lat' dir='ltr'><strong>privatus</strong></span> <span class='ocrx_word' id='word_1_128' title='bbox 806 1382 871 1415; x_wconf 85' lang='lat' dir='ltr'><strong>sibi</strong></span> <span class='ocrx_word' id='word_1_129' title='bbox 890 1384 979 1415; x_wconf 83' lang='lat' dir='ltr'><strong>vixit</strong></span> <span class='ocrx_word' id='word_1_130' title='bbox 998 1394 1164 1426; x_wconf 87' lang='lat' dir='ltr'><strong>unquam,</strong></span> <span class='ocrx_word' id='word_1_131' title='bbox 1182 1385 1240 1416; x_wconf 91' lang='lat' dir='ltr'><strong>sed</strong></span> <span class='ocrx_word' id='word_1_132' title='bbox 1258 1385 1382 1427; x_wconf 85' lang='lat' dir='ltr'><strong>patriae</strong></span> <span class='ocrx_word' id='word_1_133' title='bbox 1399 1385 1603 1429; x_wconf 90' lang='lat' dir='ltr'><strong>publicoque</strong></span> 
     </span>
     <span class='ocr_line' id='line_1_17' title="bbox 296 1453 1603 1500; baseline 0.004 -15"><span class='ocrx_word' id='word_1_134' title='bbox 296 1453 484 1491; x_wconf 89' lang='lat' dir='ltr'><strong>commodo,</strong></span> <span class='ocrx_word' id='word_1_135' title='bbox 510 1464 579 1486; x_wconf 91' lang='lat' dir='ltr'><strong>non</strong></span> <span class='ocrx_word' id='word_1_136' title='bbox 604 1454 708 1486; x_wconf 85' lang='lat' dir='ltr'><strong>maris</strong></span> <span class='ocrx_word' id='word_1_137' title='bbox 732 1465 801 1486; x_wconf 90' lang='lat' dir='ltr'><strong>non</strong></span> <span class='ocrx_word' id='word_1_138' title='bbox 830 1459 933 1487; x_wconf 86' lang='lat' dir='ltr'><strong>terrae</strong></span> <span class='ocrx_word' id='word_1_139' title='bbox 958 1456 1110 1497; x_wconf 86' lang='lat' dir='ltr'><strong>pericula</strong></span> <span class='ocrx_word' id='word_1_140' title='bbox 1132 1455 1330 1494; x_wconf 85' lang='lat' dir='ltr'><strong>exhorrens,</strong></span> <span class='ocrx_word' id='word_1_141' title='bbox 1356 1467 1426 1489; x_wconf 88' lang='lat' dir='ltr'><strong>non</strong></span> <span class='ocrx_word' id='word_1_142' title='bbox 1452 1458 1603 1500; x_wconf 89' lang='lat' dir='ltr'><strong>corporis</strong></span> 
     </span>
     <span class='ocr_line' id='line_1_18' title="bbox 298 1525 1604 1571; baseline 0.004 -14"><span class='ocrx_word' id='word_1_143' title='bbox 298 1535 440 1568; x_wconf 86' lang='lat' dir='ltr'><strong>parcens</strong></span> <span class='ocrx_word' id='word_1_144' title='bbox 470 1525 708 1564; x_wconf 88' lang='lat' dir='ltr'><strong>imbecillitati,</strong></span> <span class='ocrx_word' id='word_1_145' title='bbox 737 1536 806 1558; x_wconf 91' lang='lat' dir='ltr'><strong>non</strong></span> <span class='ocrx_word' id='word_1_146' title='bbox 833 1526 952 1565; x_wconf 83' lang='lat' dir='ltr'><strong>aetati3</strong></span> <span class='ocrx_word' id='word_1_147' title='bbox 990 1527 1075 1559; x_wconf 88' lang='lat' dir='ltr'><strong>illud</strong></span> <span class='ocrx_word' id='word_1_148' title='bbox 1101 1527 1193 1559; x_wconf 90' lang='lat' dir='ltr'><strong>enim</strong></span> <span class='ocrx_word' id='word_1_149' title='bbox 1220 1528 1250 1560; x_wconf 89' lang='lat' dir='ltr'><strong>ei</strong></span> <span class='ocrx_word' id='word_1_150' title='bbox 1276 1527 1343 1561; x_wconf 89' lang='lat' dir='ltr'><strong>fuit</strong></span> <span class='ocrx_word' id='word_1_151' title='bbox 1368 1530 1539 1571; x_wconf 87' lang='lat' dir='ltr'><strong>peculiare</strong></span> <span class='ocrx_word' id='word_1_152' title='bbox 1564 1535 1604 1563; x_wconf 87' lang='lat' dir='ltr'><strong>ut</strong></span> 
     </span>
     <span class='ocr_line' id='line_1_19' title="bbox 295 1597 1604 1644; baseline 0.005 -16"><span class='ocrx_word' id='word_1_153' title='bbox 295 1597 453 1640; x_wconf 87' lang='lat' dir='ltr'><strong>gerendis</strong></span> <span class='ocrx_word' id='word_1_154' title='bbox 477 1597 578 1629; x_wconf 89' lang='lat' dir='ltr'><strong>rebus</strong></span> <span class='ocrx_word' id='word_1_155' title='bbox 602 1598 774 1630; x_wconf 87' lang='lat' dir='ltr'><strong>industria</strong></span> <span class='ocrx_word' id='word_1_156' title='bbox 797 1598 962 1637; x_wconf 89' lang='lat' dir='ltr'><strong>studium,</strong></span> <span class='ocrx_word' id='word_1_157' title='bbox 988 1603 1022 1632; x_wconf 89' lang='lat' dir='ltr'><strong>et</strong></span> <span class='ocrx_word' id='word_1_158' title='bbox 1047 1599 1162 1632; x_wconf 88' lang='lat' dir='ltr'><strong>studio</strong></span> <span class='ocrx_word' id='word_1_159' title='bbox 1186 1600 1393 1633; x_wconf 89' lang='lat' dir='ltr'><strong>industriam</strong></span> <span class='ocrx_word' id='word_1_160' title='bbox 1416 1606 1604 1644; x_wconf 88' lang='lat' dir='ltr'><strong>superaret,</strong></span> 
     </span>
     <span class='ocr_line' id='line_1_20' title="bbox 297 1669 1603 1716; baseline 0.004 -16"><span class='ocrx_word' id='word_1_161' title='bbox 297 1669 424 1711; x_wconf 90' lang='lat' dir='ltr'><strong>quippe</strong></span> <span class='ocrx_word' id='word_1_162' title='bbox 441 1669 500 1711; x_wconf 92' lang='lat' dir='ltr'><strong>qui</strong></span> <span class='ocrx_word' id='word_1_163' title='bbox 519 1680 598 1711; x_wconf 86' lang='lat' dir='ltr'><strong>quae</strong></span> <span class='ocrx_word' id='word_1_164' title='bbox 616 1669 786 1712; x_wconf 89' lang='lat' dir='ltr'><strong>posterius</strong></span> <span class='ocrx_word' id='word_1_165' title='bbox 804 1674 922 1713; x_wconf 85' lang='lat' dir='ltr'><strong>egerat</strong></span> <span class='ocrx_word' id='word_1_166' title='bbox 939 1681 1073 1713; x_wconf 88' lang='lat' dir='ltr'><strong>semper</strong></span> <span class='ocrx_word' id='word_1_167' title='bbox 1087 1671 1183 1703; x_wconf 89' lang='lat' dir='ltr'><strong>visus</strong></span> <span class='ocrx_word' id='word_1_168' title='bbox 1201 1676 1252 1704; x_wconf 89' lang='lat' dir='ltr'><strong>est</strong></span> <span class='ocrx_word' id='word_1_169' title='bbox 1266 1672 1375 1716; x_wconf 86' lang='lat' dir='ltr'><strong>egisse</strong></span> <span class='ocrx_word' id='word_1_170' title='bbox 1392 1672 1603 1716; x_wconf 86' lang='lat' dir='ltr'><strong>diligentius.</strong></span> 
     </span>
     <span class='ocr_line' id='line_1_21' title="bbox 298 1739 1605 1788; baseline 0.004 -16"><span class='ocrx_word' id='word_1_171' title='bbox 298 1739 423 1772; x_wconf 79' lang='lat' dir='ltr'><strong>Tantae</strong></span> <span class='ocrx_word' id='word_1_172' title='bbox 441 1744 622 1783; x_wconf 85' lang='lat' dir='ltr'><strong>propterea</strong></span> <span class='ocrx_word' id='word_1_173' title='bbox 639 1741 853 1774; x_wconf 88' lang='lat' dir='ltr'><strong>auctoritatis</strong></span> <span class='ocrx_word' id='word_1_174' title='bbox 872 1743 964 1785; x_wconf 88' lang='lat' dir='ltr'><strong>apud</strong></span> <span class='ocrx_word' id='word_1_175' title='bbox 978 1742 1146 1775; x_wconf 85' lang='lat' dir='ltr'><strong>Jacobum</strong></span> <span class='ocrx_word' id='word_1_176' title='bbox 1160 1743 1333 1781; x_wconf 86' lang='lat' dir='ltr'><strong>Quartum</strong></span> <span class='ocrx_word' id='word_1_177' title='bbox 1350 1742 1414 1784; x_wconf 92' lang='lat' dir='ltr'><strong>(uti</strong></span> <span class='ocrx_word' id='word_1_178' title='bbox 1429 1749 1480 1776; x_wconf 89' lang='lat' dir='ltr'><strong>est</strong></span> <span class='ocrx_word' id='word_1_179' title='bbox 1498 1745 1605 1788; x_wconf 86' lang='lat' dir='ltr'><strong>signi-</strong></span> 
     </span>
     <span class='ocr_line' id='line_1_22' title="bbox 298 1812 1604 1859; baseline 0.004 -15"><span class='ocrx_word' id='word_1_180' title='bbox 298 1812 451 1855; x_wconf 87' lang='lat' dir='ltr'><strong>ficatum)</strong></span> <span class='ocrx_word' id='word_1_181' title='bbox 474 1818 513 1845; x_wconf 88' lang='lat' dir='ltr'><strong>ut</strong></span> <span class='ocrx_word' id='word_1_182' title='bbox 539 1814 673 1855; x_wconf 86' lang='lat' dir='ltr'><strong>quoties</strong></span> <span class='ocrx_word' id='word_1_183' title='bbox 696 1814 745 1846; x_wconf 91' lang='lat' dir='ltr'><strong>illi</strong></span> <span class='ocrx_word' id='word_1_184' title='bbox 772 1814 936 1857; x_wconf 91' lang='lat' dir='ltr'><strong>quicquid</strong></span> <span class='ocrx_word' id='word_1_185' title='bbox 958 1815 1131 1859; x_wconf 85' lang='lat' dir='ltr'><strong>agendum</strong></span> <span class='ocrx_word' id='word_1_186' title='bbox 1155 1826 1233 1848; x_wconf 88' lang='lat' dir='ltr'><strong>cum</strong></span> <span class='ocrx_word' id='word_1_187' title='bbox 1260 1816 1342 1854; x_wconf 88' lang='lat' dir='ltr'><strong>suis,</strong></span> <span class='ocrx_word' id='word_1_188' title='bbox 1368 1817 1502 1859; x_wconf 86' lang='lat' dir='ltr'><strong>quoties</strong></span> <span class='ocrx_word' id='word_1_189' title='bbox 1526 1828 1604 1849; x_wconf 86' lang='lat' dir='ltr'><strong>cum</strong></span> 
     </span>
     <span class='ocr_line' id='line_1_23' title="bbox 301 1884 1605 1931; baseline 0.004 -16"><span class='ocrx_word' id='word_1_190' title='bbox 301 1884 460 1922; x_wconf 89' lang='lat' dir='ltr'><strong>externis,</strong></span> <span class='ocrx_word' id='word_1_191' title='bbox 474 1885 608 1927; x_wconf 89' lang='lat' dir='ltr'><strong>quoties</strong></span> <span class='ocrx_word' id='word_1_192' title='bbox 622 1889 683 1917; x_wconf 85' lang='lat' dir='ltr'><strong>aut</strong></span> <span class='ocrx_word' id='word_1_193' title='bbox 693 1884 805 1918; x_wconf 85' lang='lat' dir='ltr'><strong>foedus</strong></span> <span class='ocrx_word' id='word_1_194' title='bbox 822 1885 1015 1918; x_wconf 86' lang='lat' dir='ltr'><strong>feriendum</strong></span> <span class='ocrx_word' id='word_1_195' title='bbox 1031 1897 1108 1919; x_wconf 92' lang='lat' dir='ltr'><strong>cum</strong></span> <span class='ocrx_word' id='word_1_196' title='bbox 1122 1887 1273 1931; x_wconf 85' lang='lat' dir='ltr'><strong>regibus,</strong></span> <span class='ocrx_word' id='word_1_197' title='bbox 1292 1892 1352 1920; x_wconf 87' lang='lat' dir='ltr'><strong>aut</strong></span> <span class='ocrx_word' id='word_1_198' title='bbox 1369 1899 1438 1930; x_wconf 81' lang='lat' dir='ltr'><strong>pax</strong></span> <span class='ocrx_word' id='word_1_199' title='bbox 1455 1889 1605 1920; x_wconf 85' lang='lat' dir='ltr'><strong>ineunda</strong></span> 
     </span>
     <span class='ocr_line' id='line_1_24' title="bbox 300 1956 1603 2001; baseline 0.004 -14"><span class='ocrx_word' id='word_1_200' title='bbox 300 1966 377 1987; x_wconf 88' lang='lat' dir='ltr'><strong>cum</strong></span> <span class='ocrx_word' id='word_1_201' title='bbox 391 1956 576 1998; x_wconf 84' lang='lat' dir='ltr'><strong>provinciis</strong></span> <span class='ocrx_word' id='word_1_202' title='bbox 591 1960 624 1988; x_wconf 90' lang='lat' dir='ltr'><strong>et</strong></span> <span class='ocrx_word' id='word_1_203' title='bbox 639 1957 847 1996; x_wconf 79' lang='lat' dir='ltr'><strong>civitatibus,</strong></span> <span class='ocrx_word' id='word_1_204' title='bbox 859 1969 993 2001; x_wconf 88' lang='lat' dir='ltr'><strong>semper</strong></span> <span class='ocrx_word' id='word_1_205' title='bbox 1008 1958 1082 1991; x_wconf 82' lang='lat' dir='ltr'><strong>haec</strong></span> <span class='ocrx_word' id='word_1_206' title='bbox 1094 1958 1282 1992; x_wconf 80' lang='lat' dir='ltr'><strong>wilhelmo</strong></span> <span class='ocrx_word' id='word_1_207' title='bbox 1296 1964 1394 1992; x_wconf 88' lang='lat' dir='ltr'><strong>erant</strong></span> <span class='ocrx_word' id='word_1_208' title='bbox 1406 1961 1603 1999; x_wconf 81' lang='lat' dir='ltr'><strong>commissa3</strong></span> 
     </span>
     <span class='ocr_line' id='line_1_25' title="bbox 300 2027 1605 2074; baseline 0.004 -15"><span class='ocrx_word' id='word_1_209' title='bbox 300 2027 387 2059; x_wconf 85' lang='lat' dir='ltr'><strong>nihil</strong></span> <span class='ocrx_word' id='word_1_210' title='bbox 404 2028 521 2071; x_wconf 84' lang='lat' dir='ltr'><strong>gessit,</strong></span> <span class='ocrx_word' id='word_1_211' title='bbox 539 2027 626 2060; x_wconf 92' lang='lat' dir='ltr'><strong>nihil</strong></span> <span class='ocrx_word' id='word_1_212' title='bbox 643 2028 679 2060; x_wconf 92' lang='lat' dir='ltr'><strong>in</strong></span> <span class='ocrx_word' id='word_1_213' title='bbox 697 2030 983 2062; x_wconf 87' lang='lat' dir='ltr'><strong>consultationem</strong></span> <span class='ocrx_word' id='word_1_214' title='bbox 1001 2031 1145 2063; x_wconf 90' lang='lat' dir='ltr'><strong>deduxit</strong></span> <span class='ocrx_word' id='word_1_215' title='bbox 1162 2030 1185 2062; x_wconf 90' lang='lat' dir='ltr'><strong>J</strong></span> <span class='ocrx_word' id='word_1_216' title='bbox 1187 2031 1311 2064; x_wconf 89' lang='lat' dir='ltr'><strong>acobus</strong></span> <span class='ocrx_word' id='word_1_217' title='bbox 1330 2031 1495 2069; x_wconf 65' lang='lat' dir='ltr'><strong>Quarum,</strong></span> <span class='ocrx_word' id='word_1_218' title='bbox 1513 2033 1605 2074; x_wconf 91' lang='lat' dir='ltr'><strong>quod</strong></span> 
     </span>
     <span class='ocr_line' id='line_1_26' title="bbox 300 2099 1606 2144; baseline 0.003 -12"><span class='ocrx_word' id='word_1_219' title='bbox 300 2110 368 2132; x_wconf 88' lang='lat' dir='ltr'><strong>non</strong></span> <span class='ocrx_word' id='word_1_220' title='bbox 383 2099 564 2132; x_wconf 75' lang='lat' dir='ltr'><strong>wilhelmi</strong></span> <span class='ocrx_word' id='word_1_221' title='bbox 581 2100 722 2132; x_wconf 89' lang='lat' dir='ltr'><strong>consilio</strong></span> <span class='ocrx_word' id='word_1_222' title='bbox 735 2105 873 2144; x_wconf 85' lang='lat' dir='ltr'><strong>gestum</strong></span> <span class='ocrx_word' id='word_1_223' title='bbox 890 2100 1004 2134; x_wconf 83' lang='lat' dir='ltr'><strong>fuerat</strong></span> <span class='ocrx_word' id='word_1_224' title='bbox 1022 2105 1056 2134; x_wconf 89' lang='lat' dir='ltr'><strong>et</strong></span> <span class='ocrx_word' id='word_1_225' title='bbox 1073 2102 1309 2134; x_wconf 87' lang='lat' dir='ltr'><strong>deliberatum.</strong></span> <span class='ocrx_word' id='word_1_226' title='bbox 1353 2102 1463 2135; x_wconf 89' lang='lat' dir='ltr'><strong>Carus</strong></span> <span class='ocrx_word' id='word_1_227' title='bbox 1481 2104 1606 2137; x_wconf 89' lang='lat' dir='ltr'><strong>idcirco</strong></span> 
     </span>
     <span class='ocr_line' id='line_1_27' title="bbox 302 2171 1606 2219; baseline 0.004 -16"><span class='ocrx_word' id='word_1_228' title='bbox 302 2176 336 2204; x_wconf 89' lang='lat' dir='ltr'><strong>et</strong></span> <span class='ocrx_word' id='word_1_229' title='bbox 361 2171 565 2204; x_wconf 86' lang='lat' dir='ltr'><strong>venerabilis</strong></span> <span class='ocrx_word' id='word_1_230' title='bbox 590 2171 730 2214; x_wconf 90' lang='lat' dir='ltr'><strong>plebeiis</strong></span> <span class='ocrx_word' id='word_1_231' title='bbox 753 2171 973 2211; x_wconf 84' lang='lat' dir='ltr'><strong>wilhelmus,</strong></span> <span class='ocrx_word' id='word_1_232' title='bbox 999 2184 1098 2206; x_wconf 86' lang='lat' dir='ltr'><strong>carus</strong></span> <span class='ocrx_word' id='word_1_233' title='bbox 1124 2174 1356 2218; x_wconf 87' lang='lat' dir='ltr'><strong>magnatibus,</strong></span> <span class='ocrx_word' id='word_1_234' title='bbox 1380 2175 1606 2219; x_wconf 81' lang='lat' dir='ltr'><strong>omnibusque</strong></span> 
     </span>
    </p>
   </div>
   <div class='ocr_carea' id='block_1_3' title="bbox 938 2253 966 2277">
    <p class='ocr_par' dir='ltr' id='par_1_3' title="bbox 938 2253 966 2277">
     <span class='ocr_line' id='line_1_28' title="bbox 938 2253 966 2277; baseline 0 0"><span class='ocrx_word' id='word_1_235' title='bbox 938 2253 966 2277; x_wconf 86' lang='grc' dir='ltr'>Η</span> 
     </span>
    </p>
   </div>
  </div>
 </body>
</html>
