1955 2807
368 331 408 358 24
823 327 1219 358 ABERDONENSIUM

125 439 167 471 Α,
184 439 225 471 D,
246 440 350 471 1440,
368 434 488 466 salutis
506 433 769 476 quadragesimo
787 443 892 475 supra
909 433 1128 466 millesimum
1146 437 1268 476 quater
1285 434 1518 467 centesimum.
1553 436 1672 479 Sepul-

368 510 424 538 tus
438 510 489 538 est
506 506 534 537 is
548 504 703 548 pontifex
721 505 757 537 in
775 505 847 537 divi
860 505 883 537 J
885 506 1004 538 oannis
1022 505 1257 549 Evangelistae
1275 505 1397 537 sacello
1411 506 1464 538 sui
1482 509 1600 550 templi
1618 519 1670 540 ca-

367 578 541 616 thedraliS,
559 577 651 620 quod
668 577 712 610 ad
729 577 764 610 id
782 578 862 610 data
873 589 976 620 opera
993 581 1202 610 extruxerat.

413 721 609 754 Secundum
626 722 700 761 hoc,
714 721 923 754 Aberdoniae
941 726 1112 754 conventu
1129 721 1247 754 habito
1261 722 1301 754 de
1316 723 1460 755 creando
1477 733 1568 756 novo
1585 734 1668 766 pon-

365 794 453 827 tifice
480 795 632 826 canonici
662 794 811 826 habuere
836 794 1015 826 rationem.
1066 793 1135 825 Ubi
1164 792 1476 833 INGERAMUS,
1502 795 1668 837 pontificii

359 867 450 910 juris
468 867 595 904 doctor,
614 867 668 898 vir
691 866 825 903 nobilis,
850 866 891 897 de
909 864 1030 897 celebri
1056 875 1095 896 ac
1120 865 1228 897 veteri
1246 865 1510 898 Lindesaiorum
1527 866 1668 906 familia,

364 948 490 981 magno
509 938 661 969 omnium
689 938 868 980 applausu,
887 937 1064 979 episcopus
1088 940 1234 969 creatur.
1285 936 1354 974 Qui
1372 938 1500 975 statim,
1522 939 1668 980 peractis

363 1020 442 1052 quae
469 1010 510 1041 de
535 1020 628 1041 more
658 1010 694 1041 in
722 1009 957 1041 consecrandis
984 1008 1200 1051 pontificibus
1226 1007 1299 1041 fieri
1334 1014 1591 1048 consueverant,
1625 1011 1668 1043 ad

364 1082 482 1124 templi
498 1081 827 1113 consummationem
847 1081 1001 1112 animum
1019 1080 1154 1124 adjecit.
1193 1079 1325 1112 Verum
1342 1078 1538 1113 Alexandri
1556 1083 1669 1126 cujus-

364 1154 443 1186 dam
457 1154 543 1197 regii
556 1153 735 1185 familiaris
750 1151 823 1195 (qui
838 1163 883 1190 se,
900 1153 1070 1184 incertum
1087 1162 1156 1194 quo
1167 1151 1257 1195 jure,
1270 1162 1333 1193 pro
1349 1150 1589 1185 Aberdonensi
1608 1164 1668 1185 an-

365 1225 473 1258 tistite
491 1224 644 1268 gerebat)
664 1235 767 1267 opera
784 1225 827 1256 ad
845 1234 1020 1256 summum
1037 1223 1233 1265 pontificem
1252 1227 1394 1255 vocatus
1413 1223 1547 1266 incepto
1565 1225 1667 1257 desti-

364 1298 417 1330 tit.
469 1297 620 1329 Putabat
638 1295 841 1329 Alexander
858 1295 1033 1339 Ingerami
1053 1293 1125 1337 (qui
1144 1305 1247 1327 senex
1265 1295 1449 1327 admodum
1468 1300 1541 1328 erat
1558 1301 1592 1328 et
1610 1307 1668 1329 va-

363 1369 604 1412 letudinarius)
623 1369 691 1400 cita
708 1372 819 1400 morte
837 1378 908 1399 sese
926 1366 1164 1409 pontificatum
1183 1367 1399 1408 adepturum.
1442 1366 1508 1399 Sed
1525 1378 1587 1399 sua
1604 1368 1668 1400 fal-

363 1451 422 1473 sus
437 1445 488 1472 est
501 1441 671 1482 opinione.
692 1439 782 1471 Nam
797 1438 1010 1482 IngeramUS,
1025 1448 1127 1481 quem
1143 1435 1337 1469 Alexandri
1351 1441 1582 1470 commentum
1596 1450 1666 1472 non

364 1512 476 1550 latuit,
494 1513 530 1544 in
548 1511 695 1544 Galliam
713 1510 958 1554 proficiscitur:
976 1510 1125 1542 secunda
1141 1509 1220 1541 inde
1231 1509 1451 1553 navigatione
1466 1510 1666 1543 duodecimo

364 1584 419 1616 die
449 1588 671 1626 posteaquam
699 1594 717 1615 e
746 1586 850 1625 portu
880 1581 1089 1614 Massiliensi
1119 1582 1278 1619 solverat,
1305 1581 1452 1613 Romam
1486 1583 1643 1624 pervenit
1658 1593 1666 1614 z

361 1655 421 1688 ubi
446 1656 588 1688 comiter
613 1659 647 1687 et
672 1654 818 1698 benigne
839 1658 1027 1696 susceptus,
1051 1663 1187 1685 causam
1213 1653 1301 1684 dixit
1326 1653 1375 1684 ita
1400 1657 1439 1685 ut
1461 1651 1665 1687 Alexandro

362 1728 477 1760 nullus
495 1727 726 1759 calumniandi
743 1725 995 1768 relinqueretur
1008 1725 1111 1757 locus.
1137 1723 1315 1756 Laudatus
1329 1724 1446 1766 itaque
1460 1723 1662 1768 Ing-eramus

363 1798 406 1831 ob
424 1799 589 1830 virtutem
607 1798 951 1841 magnitudinemque
969 1796 1075 1828 animi
1092 1806 1112 1827 a
1133 1806 1268 1827 summo
1291 1795 1460 1837 pontifice,
1478 1801 1662 1839 postquam

363 1870 494 1913 aliquot
506 1879 650 1907 menses,
664 1868 802 1911 pietatis
816 1878 928 1905 causa,
943 1867 1062 1899 Romae
1076 1870 1229 1898 moratus
1241 1866 1364 1905 fuerat,
1376 1868 1530 1899 terrestri
1541 1868 1663 1900 itinere

363 1952 521 1975 reversus
541 1945 592 1973 est
610 1942 646 1973 in
664 1940 811 1983 patriam
826 1949 833 1971 :
852 1940 996 1982 adeptus
1009 1950 1048 1971 eo
1058 1938 1173 1971 labore
1184 1939 1357 1970 meliorem
1371 1943 1495 1981 praeter
1508 1940 1660 1972 omnium

363 2025 457 2057 spem
484 2014 590 2046 totius
616 2012 767 2055 corporis
792 2011 1034 2049 valetudinem,
1052 2014 1278 2053 praeterquam
1303 2011 1395 2053 quod
1420 2011 1511 2043 inter
1534 2011 1661 2053 pedum

363 2087 488 2130 digitos
504 2086 638 2118 marino
655 2084 783 2129 frigore
800 2083 959 2116 morbum
979 2083 1188 2127 (gemursam
1201 2086 1300 2114 vocat
1318 2082 1466 2124 Plinius)
1484 2086 1660 2114 contraxe-

364 2162 428 2196 rat,
446 2158 505 2200 qui
524 2158 555 2190 ei
572 2158 614 2190 ad
634 2158 713 2190 vitae
730 2156 833 2189 finem
847 2156 995 2187 duravit.
1036 2154 1278 2192 Confirmatus,
1295 2164 1364 2196 quo
1382 2153 1531 2185 diximus
1549 2154 1660 2191 modo,

366 2228 568 2273 Ingeramus
582 2230 619 2262 in
632 2240 695 2262 sua
708 2229 796 2266 sede,
815 2229 858 2260 ad
871 2231 982 2270 coepta
996 2227 1114 2269 templi
1127 2226 1265 2259 aedificia
1280 2223 1333 2265 (ut
1346 2235 1480 2268 semper
1496 2225 1532 2257 in
1546 2225 1660 2258 animo
