<?xml version="1.0" encoding="UTF-8"?>
<!DOCTYPE html PUBLIC "-//W3C//DTD XHTML 1.0 Transitional//EN"
    "http://www.w3.org/TR/xhtml1/DTD/xhtml1-transitional.dtd">
<html xmlns="http://www.w3.org/1999/xhtml" xml:lang="en" lang="en">
 <head>
  <title>
</title>
<meta http-equiv="Content-Type" content="text/html;charset=utf-8" />
  <meta name='ocr-system' content='tesseract 3.04.00' />
  <meta name='ocr-capabilities' content='ocr_page ocr_carea ocr_par ocr_line ocrx_word'/>
</head>
<body>
  <div class='ocr_page' id='page_1' title='image "./hectorisboetiimu00bann_0034.png"; bbox 0 0 1955 2807; ppageno 0'>
   <div class='ocr_carea' id='block_1_1' title="bbox 342 287 1191 318">
    <p class='ocr_par' dir='ltr' id='par_1_1' title="bbox 342 287 1191 318">
     <span class='ocr_line' id='line_1_1' title="bbox 342 287 1191 318; baseline -0.002 0"><span class='ocrx_word' id='word_1_1' title='bbox 342 291 379 318; x_wconf 85' lang='grc'>16</span> <span class='ocrx_word' id='word_1_2' title='bbox 794 287 1191 318; x_wconf 87' lang='lat' dir='ltr'><strong>ABERDONENSIUM</strong></span> 
     </span>
    </p>
   </div>
   <div class='ocr_carea' id='block_1_2' title="bbox 337 388 1656 2163">
    <p class='ocr_par' dir='ltr' id='par_1_2' title="bbox 337 388 1656 2163">
     <span class='ocr_line' id='line_1_2' title="bbox 340 388 1646 441; baseline 0 -11"><span class='ocrx_word' id='word_1_3' title='bbox 340 398 384 430; x_wconf 86' lang='lat' dir='ltr'>tis</span> <span class='ocrx_word' id='word_1_4' title='bbox 399 406 407 429; x_wconf 90' lang='lat'>:</span> <span class='ocrx_word' id='word_1_5' title='bbox 432 397 505 441; x_wconf 86' lang='lat' dir='ltr'>regi</span> <span class='ocrx_word' id='word_1_6' title='bbox 524 407 586 429; x_wconf 90' lang='lat' dir='ltr'>suo</span> <span class='ocrx_word' id='word_1_7' title='bbox 602 397 639 429; x_wconf 91' lang='lat' dir='ltr'>in</span> <span class='ocrx_word' id='word_1_8' title='bbox 656 388 763 440; x_wconf 79' lang='lat' dir='ltr'>regno</span> <span class='ocrx_word' id='word_1_9' title='bbox 780 395 844 428; x_wconf 86' lang='lat' dir='ltr'>etsi</span> <span class='ocrx_word' id='word_1_10' title='bbox 861 395 977 427; x_wconf 87' lang='lat' dir='ltr'>liceret</span> <span class='ocrx_word' id='word_1_11' title='bbox 994 395 1086 438; x_wconf 89' lang='lat' dir='ltr'>quod</span> <span class='ocrx_word' id='word_1_12' title='bbox 1104 395 1216 432; x_wconf 84' lang='lat' dir='ltr'>vellet,</span> <span class='ocrx_word' id='word_1_13' title='bbox 1242 404 1311 426; x_wconf 90' lang='lat' dir='ltr'>non</span> <span class='ocrx_word' id='word_1_14' title='bbox 1334 399 1449 427; x_wconf 87' lang='lat' dir='ltr'>tamen</span> <span class='ocrx_word' id='word_1_15' title='bbox 1466 395 1567 429; x_wconf 88' lang='lat' dir='ltr'>licere</span> <span class='ocrx_word' id='word_1_16' title='bbox 1584 407 1646 430; x_wconf 90' lang='lat' dir='ltr'>nec</span> 
     </span>
     <span class='ocr_line' id='line_1_3' title="bbox 340 465 1648 512; baseline 0 -11"><span class='ocrx_word' id='word_1_17' title='bbox 340 469 423 512; x_wconf 87' lang='lat' dir='ltr'>ipsis</span> <span class='ocrx_word' id='word_1_18' title='bbox 440 468 589 511; x_wconf 88' lang='lat' dir='ltr'>quidem,</span> <span class='ocrx_word' id='word_1_19' title='bbox 607 467 666 510; x_wconf 89' lang='lat' dir='ltr'>qui</span> <span class='ocrx_word' id='word_1_20' title='bbox 680 467 908 512; x_wconf 86' lang='lat' dir='ltr'>jurejurando</span> <span class='ocrx_word' id='word_1_21' title='bbox 932 467 1064 499; x_wconf 85' lang='lat' dir='ltr'>astricti</span> <span class='ocrx_word' id='word_1_22' title='bbox 1082 470 1194 499; x_wconf 84' lang='lat' dir='ltr'><strong>essent</strong></span> <span class='ocrx_word' id='word_1_23' title='bbox 1215 466 1258 498; x_wconf 90' lang='lat' dir='ltr'>ad</span> <span class='ocrx_word' id='word_1_24' title='bbox 1278 465 1474 508; x_wconf 85' lang='lat' dir='ltr'>pontificem</span> <span class='ocrx_word' id='word_1_25' title='bbox 1497 467 1648 512; x_wconf 88' lang='lat' dir='ltr'>deligen-</span> 
     </span>
     <span class='ocr_line' id='line_1_4' title="bbox 341 537 1648 581; baseline 0 -9"><span class='ocrx_word' id='word_1_26' title='bbox 341 540 424 573; x_wconf 90' lang='lat' dir='ltr'>dum</span> <span class='ocrx_word' id='word_1_27' title='bbox 442 540 525 572; x_wconf 87' lang='lat' dir='ltr'>vitae</span> <span class='ocrx_word' id='word_1_28' title='bbox 542 539 724 572; x_wconf 84' lang='lat' dir='ltr'>sanctitate</span> <span class='ocrx_word' id='word_1_29' title='bbox 742 543 776 571; x_wconf 91' lang='lat' dir='ltr'>et</span> <span class='ocrx_word' id='word_1_30' title='bbox 801 538 958 572; x_wconf 86' lang='lat' dir='ltr'>doctrina</span> <span class='ocrx_word' id='word_1_31' title='bbox 977 539 1173 581; x_wconf 87' lang='lat' dir='ltr'>pollentem.</span> <span class='ocrx_word' id='word_1_32' title='bbox 1224 537 1355 570; x_wconf 86' lang='lat' dir='ltr'>Idcirco</span> <span class='ocrx_word' id='word_1_33' title='bbox 1373 538 1505 580; x_wconf 87' lang='lat' dir='ltr'>precari</span> <span class='ocrx_word' id='word_1_34' title='bbox 1522 539 1648 579; x_wconf 88' lang='lat' dir='ltr'>liceret,</span> 
     </span>
     <span class='ocr_line' id='line_1_5' title="bbox 341 610 1650 656; baseline 0 -12"><span class='ocrx_word' id='word_1_35' title='bbox 341 622 420 656; x_wconf 85' lang='lat' dir='ltr'>rege</span> <span class='ocrx_word' id='word_1_36' title='bbox 432 611 663 654; x_wconf 85' lang='lat' dir='ltr'>permittente,</span> <span class='ocrx_word' id='word_1_37' title='bbox 677 610 916 643; x_wconf 81' lang='lat' dir='ltr'>Alexandrum</span> <span class='ocrx_word' id='word_1_38' title='bbox 928 610 1170 654; x_wconf 89' lang='lat' dir='ltr'>Kyninmund,</span> <span class='ocrx_word' id='word_1_39' title='bbox 1184 610 1318 654; x_wconf 88' lang='lat' dir='ltr'>regium</span> <span class='ocrx_word' id='word_1_40' title='bbox 1334 610 1579 650; x_wconf 81' lang='lat' dir='ltr'>consiliarium,</span> <span class='ocrx_word' id='word_1_41' title='bbox 1594 622 1650 644; x_wconf 90' lang='lat' dir='ltr'>cu-</span> 
     </span>
     <span class='ocr_line' id='line_1_6' title="bbox 337 682 1650 728; baseline 0 -12"><span class='ocrx_word' id='word_1_42' title='bbox 337 684 396 728; x_wconf 88' lang='lat' dir='ltr'>jus</span> <span class='ocrx_word' id='word_1_43' title='bbox 414 683 598 726; x_wconf 84' lang='lat' dir='ltr'>prudentia</span> <span class='ocrx_word' id='word_1_44' title='bbox 615 683 651 723; x_wconf 83' lang='lat' dir='ltr'>in</span> <span class='ocrx_word' id='word_1_45' title='bbox 671 693 707 715; x_wconf 92' lang='lat' dir='ltr'>re</span> <span class='ocrx_word' id='word_1_46' title='bbox 724 682 886 715; x_wconf 85' lang='lat' dir='ltr'>familiari</span> <span class='ocrx_word' id='word_1_47' title='bbox 904 682 1142 726; x_wconf 83' lang='lat' dir='ltr'>gubernanda,</span> <span class='ocrx_word' id='word_1_48' title='bbox 1163 686 1197 714; x_wconf 89' lang='lat' dir='ltr'>et</span> <span class='ocrx_word' id='word_1_49' title='bbox 1215 682 1296 715; x_wconf 86' lang='lat' dir='ltr'>vitae</span> <span class='ocrx_word' id='word_1_50' title='bbox 1317 682 1545 715; x_wconf 85' lang='lat' dir='ltr'>sanctimonia</span> <span class='ocrx_word' id='word_1_51' title='bbox 1566 684 1650 716; x_wconf 88' lang='lat' dir='ltr'>adeo</span> 
     </span>
     <span class='ocr_line' id='line_1_7' title="bbox 341 753 1649 798; baseline -0.001 -10"><span class='ocrx_word' id='word_1_52' title='bbox 341 760 454 789; x_wconf 89' lang='lat' dir='ltr'>essent</span> <span class='ocrx_word' id='word_1_53' title='bbox 465 755 668 798; x_wconf 80' lang='lat' dir='ltr'>conspicuae,</span> <span class='ocrx_word' id='word_1_54' title='bbox 680 754 854 787; x_wconf 88' lang='lat' dir='ltr'>communi</span> <span class='ocrx_word' id='word_1_55' title='bbox 869 754 1033 798; x_wconf 87' lang='lat' dir='ltr'>suffragio</span> <span class='ocrx_word' id='word_1_56' title='bbox 1045 753 1240 796; x_wconf 88' lang='lat' dir='ltr'>pontificem</span> <span class='ocrx_word' id='word_1_57' title='bbox 1252 754 1423 786; x_wconf 83' lang='lat' dir='ltr'>declarare</span> <span class='ocrx_word' id='word_1_58' title='bbox 1439 763 1447 792; x_wconf 92' lang='grc'><strong>;</strong></span> <span class='ocrx_word' id='word_1_59' title='bbox 1463 765 1505 786; x_wconf 92' lang='lat' dir='ltr'>ne</span> <span class='ocrx_word' id='word_1_60' title='bbox 1519 753 1649 787; x_wconf 88' lang='lat' dir='ltr'>Christi</span> 
     </span>
     <span class='ocr_line' id='line_1_8' title="bbox 344 825 1651 870; baseline -0.001 -10"><span class='ocrx_word' id='word_1_61' title='bbox 344 825 448 870; x_wconf 90' lang='lat' dir='ltr'>(quod</span> <span class='ocrx_word' id='word_1_62' title='bbox 460 827 610 859; x_wconf 86' lang='lat' dir='ltr'>maxime</span> <span class='ocrx_word' id='word_1_63' title='bbox 623 826 766 869; x_wconf 89' lang='lat' dir='ltr'>nollent)</span> <span class='ocrx_word' id='word_1_64' title='bbox 782 826 992 858; x_wconf 85' lang='lat' dir='ltr'>sanctionem</span> <span class='ocrx_word' id='word_1_65' title='bbox 1004 825 1045 857; x_wconf 88' lang='lat' dir='ltr'>de</span> <span class='ocrx_word' id='word_1_66' title='bbox 1063 825 1220 868; x_wconf 89' lang='lat' dir='ltr'>episcopo</span> <span class='ocrx_word' id='word_1_67' title='bbox 1234 826 1414 870; x_wconf 85' lang='lat' dir='ltr'>deligendo</span> <span class='ocrx_word' id='word_1_68' title='bbox 1431 836 1581 869; x_wconf 87' lang='lat' dir='ltr'>eousque</span> <span class='ocrx_word' id='word_1_69' title='bbox 1600 826 1651 859; x_wconf 91' lang='lat' dir='ltr'>in-</span> 
     </span>
     <span class='ocr_line' id='line_1_9' title="bbox 342 896 1651 941; baseline -0.001 -9"><span class='ocrx_word' id='word_1_70' title='bbox 342 899 505 932; x_wconf 84' lang='lat' dir='ltr'>violatam</span> <span class='ocrx_word' id='word_1_71' title='bbox 523 899 675 941; x_wconf 90' lang='lat' dir='ltr'>primum</span> <span class='ocrx_word' id='word_1_72' title='bbox 692 897 931 930; x_wconf 83' lang='lat' dir='ltr'>labefactatam</span> <span class='ocrx_word' id='word_1_73' title='bbox 951 897 1117 930; x_wconf 90' lang='lat' dir='ltr'>viderent.</span> <span class='ocrx_word' id='word_1_74' title='bbox 1159 896 1233 929; x_wconf 89' lang='lat' dir='ltr'>Hos</span> <span class='ocrx_word' id='word_1_75' title='bbox 1252 908 1374 935; x_wconf 88' lang='lat' dir='ltr'>mores,</span> <span class='ocrx_word' id='word_1_76' title='bbox 1392 898 1454 930; x_wconf 88' lang='lat' dir='ltr'>hos</span> <span class='ocrx_word' id='word_1_77' title='bbox 1473 899 1651 931; x_wconf 89' lang='lat' dir='ltr'>canonicos</span> 
     </span>
     <span class='ocr_line' id='line_1_10' title="bbox 342 967 1651 1012; baseline -0.001 -10"><span class='ocrx_word' id='word_1_78' title='bbox 342 970 477 1002; x_wconf 89' lang='lat' dir='ltr'>utinam</span> <span class='ocrx_word' id='word_1_79' title='bbox 495 974 614 1002; x_wconf 85' lang='lat' dir='ltr'>nostra</span> <span class='ocrx_word' id='word_1_80' title='bbox 631 973 788 1002; x_wconf 85' lang='lat' dir='ltr'>tenerent</span> <span class='ocrx_word' id='word_1_81' title='bbox 805 973 972 1012; x_wconf 87' lang='lat' dir='ltr'>tempora.</span> <span class='ocrx_word' id='word_1_82' title='bbox 1026 968 1091 1001; x_wconf 88' lang='lat' dir='ltr'>Sed</span> <span class='ocrx_word' id='word_1_83' title='bbox 1111 967 1164 1010; x_wconf 88' lang='lat' dir='ltr'>(ut</span> <span class='ocrx_word' id='word_1_84' title='bbox 1182 968 1375 1012; x_wconf 81' lang='lat' dir='ltr'>abominor)</span> <span class='ocrx_word' id='word_1_85' title='bbox 1394 970 1487 1012; x_wconf 89' lang='lat' dir='ltr'>quod</span> <span class='ocrx_word' id='word_1_86' title='bbox 1504 980 1596 1002; x_wconf 89' lang='lat' dir='ltr'>nunc</span> <span class='ocrx_word' id='word_1_87' title='bbox 1613 970 1651 1002; x_wconf 84' lang='lat' dir='ltr'>fit</span> 
     </span>
     <span class='ocr_line' id='line_1_11' title="bbox 342 1040 1654 1086; baseline -0.001 -11"><span class='ocrx_word' id='word_1_88' title='bbox 342 1043 508 1086; x_wconf 80' lang='lat' dir='ltr'>exiguum</span> <span class='ocrx_word' id='word_1_89' title='bbox 526 1046 587 1080; x_wconf 88' lang='lat' dir='ltr'>est,</span> <span class='ocrx_word' id='word_1_90' title='bbox 605 1041 723 1086; x_wconf 84' lang='lat' dir='ltr'>pejora</span> <span class='ocrx_word' id='word_1_91' title='bbox 736 1041 773 1074; x_wconf 91' lang='lat' dir='ltr'>in</span> <span class='ocrx_word' id='word_1_92' title='bbox 791 1041 862 1074; x_wconf 90' lang='lat' dir='ltr'>dies</span> <span class='ocrx_word' id='word_1_93' title='bbox 880 1041 989 1074; x_wconf 87' lang='lat' dir='ltr'>visuri</span> <span class='ocrx_word' id='word_1_94' title='bbox 1007 1052 1139 1074; x_wconf 83' lang='lat' dir='ltr'>sumus.</span> <span class='ocrx_word' id='word_1_95' title='bbox 1176 1040 1308 1074; x_wconf 88' lang='lat' dir='ltr'>Verum</span> <span class='ocrx_word' id='word_1_96' title='bbox 1323 1042 1366 1073; x_wconf 88' lang='lat' dir='ltr'>ad</span> <span class='ocrx_word' id='word_1_97' title='bbox 1384 1042 1584 1074; x_wconf 84' lang='lat' dir='ltr'>institutum</span> <span class='ocrx_word' id='word_1_98' title='bbox 1603 1053 1654 1075; x_wconf 88' lang='lat' dir='ltr'>re-</span> 
     </span>
     <span class='ocr_line' id='line_1_12' title="bbox 343 1113 1653 1158; baseline -0.001 -11"><span class='ocrx_word' id='word_1_99' title='bbox 343 1115 415 1147; x_wconf 89' lang='lat' dir='ltr'>deo.</span> <span class='ocrx_word' id='word_1_100' title='bbox 454 1113 560 1158; x_wconf 89' lang='lat' dir='ltr'>AEgre</span> <span class='ocrx_word' id='word_1_101' title='bbox 574 1114 814 1146; x_wconf 87' lang='lat' dir='ltr'>canonicorum</span> <span class='ocrx_word' id='word_1_102' title='bbox 834 1113 1004 1146; x_wconf 90' lang='lat' dir='ltr'>sententia</span> <span class='ocrx_word' id='word_1_103' title='bbox 1018 1113 1170 1156; x_wconf 88' lang='lat' dir='ltr'>primum</span> <span class='ocrx_word' id='word_1_104' title='bbox 1188 1124 1208 1145; x_wconf 92' lang='lat' dir='ltr'>a</span> <span class='ocrx_word' id='word_1_105' title='bbox 1223 1124 1302 1157; x_wconf 86' lang='lat' dir='ltr'>rege</span> <span class='ocrx_word' id='word_1_106' title='bbox 1320 1113 1449 1151; x_wconf 83' lang='lat' dir='ltr'>audita,</span> <span class='ocrx_word' id='word_1_107' title='bbox 1467 1124 1547 1146; x_wconf 91' lang='lat' dir='ltr'>mox</span> <span class='ocrx_word' id='word_1_108' title='bbox 1561 1115 1653 1157; x_wconf 88' lang='lat' dir='ltr'>quod</span> 
     </span>
     <span class='ocr_line' id='line_1_13' title="bbox 343 1184 1652 1229; baseline -0.001 -10"><span class='ocrx_word' id='word_1_109' title='bbox 343 1196 480 1229; x_wconf 90' lang='lat' dir='ltr'>aequum</span> <span class='ocrx_word' id='word_1_110' title='bbox 498 1185 562 1217; x_wconf 92' lang='lat' dir='ltr'>visi</span> <span class='ocrx_word' id='word_1_111' title='bbox 581 1184 720 1218; x_wconf 87' lang='lat' dir='ltr'>fuerant</span> <span class='ocrx_word' id='word_1_112' title='bbox 738 1185 865 1218; x_wconf 90' lang='lat' dir='ltr'>sentire</span> <span class='ocrx_word' id='word_1_113' title='bbox 882 1185 1022 1228; x_wconf 88' lang='lat' dir='ltr'>optimis</span> <span class='ocrx_word' id='word_1_114' title='bbox 1041 1185 1234 1228; x_wconf 88' lang='lat' dir='ltr'>quibusque</span> <span class='ocrx_word' id='word_1_115' title='bbox 1253 1184 1476 1218; x_wconf 88' lang='lat' dir='ltr'>suadentibus</span> <span class='ocrx_word' id='word_1_116' title='bbox 1489 1186 1652 1228; x_wconf 79' lang='lat' dir='ltr'>probata:</span> 
     </span>
     <span class='ocr_line' id='line_1_14' title="bbox 343 1256 1653 1301; baseline 0 -12"><span class='ocrx_word' id='word_1_117' title='bbox 343 1258 618 1301; x_wconf 88' lang='lat' dir='ltr'>permissumque</span> <span class='ocrx_word' id='word_1_118' title='bbox 635 1261 675 1290; x_wconf 87' lang='lat' dir='ltr'>ut</span> <span class='ocrx_word' id='word_1_119' title='bbox 692 1256 808 1290; x_wconf 92' lang='lat' dir='ltr'>liberis</span> <span class='ocrx_word' id='word_1_120' title='bbox 826 1257 1013 1301; x_wconf 83' lang='lat' dir='ltr'>suffragiis,</span> <span class='ocrx_word' id='word_1_121' title='bbox 1029 1268 1132 1300; x_wconf 90' lang='lat' dir='ltr'>quem</span> <span class='ocrx_word' id='word_1_122' title='bbox 1144 1257 1272 1290; x_wconf 87' lang='lat' dir='ltr'>vellent</span> <span class='ocrx_word' id='word_1_123' title='bbox 1286 1257 1437 1290; x_wconf 87' lang='lat' dir='ltr'>dicerent</span> <span class='ocrx_word' id='word_1_124' title='bbox 1451 1258 1653 1290; x_wconf 85' lang='lat' dir='ltr'>antistitem.</span> 
     </span>
     <span class='ocr_line' id='line_1_15' title="bbox 344 1327 1653 1374; baseline 0.001 -13"><span class='ocrx_word' id='word_1_125' title='bbox 344 1329 460 1374; x_wconf 81' lang='lat' dir='ltr'>Igitur</span> <span class='ocrx_word' id='word_1_126' title='bbox 476 1329 569 1361; x_wconf 91' lang='lat' dir='ltr'>haud</span> <span class='ocrx_word' id='word_1_127' title='bbox 587 1329 697 1361; x_wconf 88' lang='lat' dir='ltr'>multo</span> <span class='ocrx_word' id='word_1_128' title='bbox 714 1333 792 1372; x_wconf 87' lang='lat' dir='ltr'>post</span> <span class='ocrx_word' id='word_1_129' title='bbox 809 1328 976 1372; x_wconf 81' lang='lat' dir='ltr'>praefatus</span> <span class='ocrx_word' id='word_1_130' title='bbox 995 1327 1193 1361; x_wconf 87' lang='lat' dir='ltr'>Alexander</span> <span class='ocrx_word' id='word_1_131' title='bbox 1213 1327 1345 1367; x_wconf 83' lang='lat' dir='ltr'>Perthi,</span> <span class='ocrx_word' id='word_1_132' title='bbox 1372 1340 1452 1373; x_wconf 88' lang='lat' dir='ltr'>rege</span> <span class='ocrx_word' id='word_1_133' title='bbox 1473 1334 1653 1372; x_wconf 88' lang='lat' dir='ltr'>praesente,</span> 
     </span>
     <span class='ocr_line' id='line_1_16' title="bbox 345 1400 1655 1444; baseline 0 -11"><span class='ocrx_word' id='word_1_134' title='bbox 345 1400 601 1434; x_wconf 89' lang='lat' dir='ltr'>Aberdonensis</span> <span class='ocrx_word' id='word_1_135' title='bbox 619 1405 837 1433; x_wconf 86' lang='lat' dir='ltr'>consecratur</span> <span class='ocrx_word' id='word_1_136' title='bbox 855 1401 1044 1444; x_wconf 88' lang='lat' dir='ltr'>episcopus.</span> <span class='ocrx_word' id='word_1_137' title='bbox 1095 1400 1248 1433; x_wconf 84' lang='lat' dir='ltr'>Peractis</span> <span class='ocrx_word' id='word_1_138' title='bbox 1266 1400 1345 1432; x_wconf 88' lang='lat' dir='ltr'>inde</span> <span class='ocrx_word' id='word_1_139' title='bbox 1362 1411 1441 1443; x_wconf 83' lang='lat' dir='ltr'>quae</span> <span class='ocrx_word' id='word_1_140' title='bbox 1459 1411 1499 1433; x_wconf 90' lang='lat' dir='ltr'>ea</span> <span class='ocrx_word' id='word_1_141' title='bbox 1516 1401 1552 1433; x_wconf 87' lang='lat' dir='ltr'>in</span> <span class='ocrx_word' id='word_1_142' title='bbox 1571 1401 1655 1433; x_wconf 88' lang='lat' dir='ltr'>cele-</span> 
     </span>
     <span class='ocr_line' id='line_1_17' title="bbox 344 1471 1655 1517; baseline -0.001 -11"><span class='ocrx_word' id='word_1_143' title='bbox 344 1473 470 1506; x_wconf 88' lang='lat' dir='ltr'>britate</span> <span class='ocrx_word' id='word_1_144' title='bbox 488 1473 621 1517; x_wconf 88' lang='lat' dir='ltr'>agenda</span> <span class='ocrx_word' id='word_1_145' title='bbox 638 1471 785 1510; x_wconf 89' lang='lat' dir='ltr'>fuerant,</span> <span class='ocrx_word' id='word_1_146' title='bbox 810 1471 1046 1505; x_wconf 84' lang='lat' dir='ltr'>Aberdoniam</span> <span class='ocrx_word' id='word_1_147' title='bbox 1064 1472 1240 1510; x_wconf 88' lang='lat' dir='ltr'>concessit,</span> <span class='ocrx_word' id='word_1_148' title='bbox 1258 1472 1317 1505; x_wconf 88' lang='lat' dir='ltr'>ubi</span> <span class='ocrx_word' id='word_1_149' title='bbox 1336 1473 1444 1505; x_wconf 91' lang='lat' dir='ltr'>vitam</span> <span class='ocrx_word' id='word_1_150' title='bbox 1463 1473 1533 1516; x_wconf 86' lang='lat' dir='ltr'>egit</span> <span class='ocrx_word' id='word_1_151' title='bbox 1555 1473 1655 1516; x_wconf 86' lang='lat' dir='ltr'>plane</span> 
     </span>
     <span class='ocr_line' id='line_1_18' title="bbox 346 1544 1655 1589; baseline -0.001 -12"><span class='ocrx_word' id='word_1_152' title='bbox 346 1544 545 1577; x_wconf 87' lang='lat' dir='ltr'>Christiano</span> <span class='ocrx_word' id='word_1_153' title='bbox 563 1545 721 1587; x_wconf 88' lang='lat' dir='ltr'>episcopo</span> <span class='ocrx_word' id='word_1_154' title='bbox 738 1544 891 1588; x_wconf 88' lang='lat' dir='ltr'>dignam,</span> <span class='ocrx_word' id='word_1_155' title='bbox 910 1545 1031 1577; x_wconf 91' lang='lat' dir='ltr'>vivens</span> <span class='ocrx_word' id='word_1_156' title='bbox 1045 1549 1146 1583; x_wconf 85' lang='lat' dir='ltr'>caste,</span> <span class='ocrx_word' id='word_1_157' title='bbox 1164 1545 1297 1587; x_wconf 85' lang='lat' dir='ltr'>pudice,</span> <span class='ocrx_word' id='word_1_158' title='bbox 1314 1545 1458 1589; x_wconf 86' lang='lat' dir='ltr'>integre.</span> <span class='ocrx_word' id='word_1_159' title='bbox 1489 1544 1655 1577; x_wconf 87' lang='lat' dir='ltr'>Profestis</span> 
     </span>
     <span class='ocr_line' id='line_1_19' title="bbox 345 1616 1656 1660; baseline -0.001 -10"><span class='ocrx_word' id='word_1_160' title='bbox 345 1617 485 1660; x_wconf 85' lang='lat' dir='ltr'>quidem</span> <span class='ocrx_word' id='word_1_161' title='bbox 496 1616 615 1650; x_wconf 91' lang='lat' dir='ltr'>diebus</span> <span class='ocrx_word' id='word_1_162' title='bbox 627 1627 707 1649; x_wconf 89' lang='lat' dir='ltr'>suos</span> <span class='ocrx_word' id='word_1_163' title='bbox 719 1620 779 1649; x_wconf 91' lang='lat' dir='ltr'>aut</span> <span class='ocrx_word' id='word_1_164' title='bbox 793 1616 952 1649; x_wconf 91' lang='lat' dir='ltr'>divinum</span> <span class='ocrx_word' id='word_1_165' title='bbox 971 1620 1032 1649; x_wconf 91' lang='lat' dir='ltr'>aut</span> <span class='ocrx_word' id='word_1_166' title='bbox 1049 1616 1240 1649; x_wconf 85' lang='lat' dir='ltr'>humanum</span> <span class='ocrx_word' id='word_1_167' title='bbox 1254 1617 1314 1660; x_wconf 87' lang='lat' dir='ltr'>jus</span> <span class='ocrx_word' id='word_1_168' title='bbox 1328 1617 1443 1649; x_wconf 88' lang='lat' dir='ltr'>docuit</span> <span class='ocrx_word' id='word_1_169' title='bbox 1460 1628 1467 1649; x_wconf 91' lang='lat'>:</span> <span class='ocrx_word' id='word_1_170' title='bbox 1485 1616 1581 1649; x_wconf 88' lang='lat' dir='ltr'>festis</span> <span class='ocrx_word' id='word_1_171' title='bbox 1596 1628 1656 1649; x_wconf 89' lang='lat' dir='ltr'>au-</span> 
     </span>
     <span class='ocr_line' id='line_1_20' title="bbox 345 1687 1656 1732; baseline -0.001 -11"><span class='ocrx_word' id='word_1_172' title='bbox 345 1694 415 1722; x_wconf 91' lang='lat' dir='ltr'>tem</span> <span class='ocrx_word' id='word_1_173' title='bbox 433 1688 723 1732; x_wconf 85' lang='lat' dir='ltr'>predicationibus</span> <span class='ocrx_word' id='word_1_174' title='bbox 735 1692 769 1721; x_wconf 88' lang='lat' dir='ltr'>et</span> <span class='ocrx_word' id='word_1_175' title='bbox 784 1687 1076 1721; x_wconf 85' lang='lat' dir='ltr'>admonitionibus</span> <span class='ocrx_word' id='word_1_176' title='bbox 1094 1688 1252 1720; x_wconf 87' lang='lat' dir='ltr'>insistere</span> <span class='ocrx_word' id='word_1_177' title='bbox 1269 1688 1300 1720; x_wconf 91' lang='lat' dir='ltr'>ei</span> <span class='ocrx_word' id='word_1_178' title='bbox 1314 1687 1381 1721; x_wconf 84' lang='lat' dir='ltr'>fuit</span> <span class='ocrx_word' id='word_1_179' title='bbox 1392 1689 1562 1731; x_wconf 87' lang='lat' dir='ltr'>peculiare</span> <span class='ocrx_word' id='word_1_180' title='bbox 1576 1698 1584 1721; x_wconf 92' lang='lat'>:</span> <span class='ocrx_word' id='word_1_181' title='bbox 1604 1694 1656 1721; x_wconf 88' lang='lat' dir='ltr'>ter</span> 
     </span>
     <span class='ocr_line' id='line_1_21' title="bbox 346 1759 1655 1805; baseline 0 -12"><span class='ocrx_word' id='word_1_182' title='bbox 346 1761 623 1794; x_wconf 88' lang='lat' dir='ltr'>hebdomadatim</span> <span class='ocrx_word' id='word_1_183' title='bbox 637 1761 822 1805; x_wconf 86' lang='lat' dir='ltr'>jejunavit,</span> <span class='ocrx_word' id='word_1_184' title='bbox 843 1759 1011 1793; x_wconf 86' lang='lat' dir='ltr'>festorum</span> <span class='ocrx_word' id='word_1_185' title='bbox 1030 1760 1158 1804; x_wconf 86' lang='lat' dir='ltr'>vigiliis</span> <span class='ocrx_word' id='word_1_186' title='bbox 1177 1770 1256 1802; x_wconf 88' lang='lat' dir='ltr'>quae</span> <span class='ocrx_word' id='word_1_187' title='bbox 1274 1760 1523 1792; x_wconf 87' lang='lat' dir='ltr'>solennioribus</span> <span class='ocrx_word' id='word_1_188' title='bbox 1542 1760 1655 1793; x_wconf 91' lang='lat' dir='ltr'>obser-</span> 
     </span>
     <span class='ocr_line' id='line_1_22' title="bbox 346 1831 1654 1874; baseline 0.001 -10"><span class='ocrx_word' id='word_1_189' title='bbox 346 1832 518 1865; x_wconf 86' lang='lat' dir='ltr'>vabantur</span> <span class='ocrx_word' id='word_1_190' title='bbox 535 1832 745 1869; x_wconf 83' lang='lat' dir='ltr'>ceremoniis,</span> <span class='ocrx_word' id='word_1_191' title='bbox 764 1833 835 1864; x_wconf 90' lang='lat' dir='ltr'>solo</span> <span class='ocrx_word' id='word_1_192' title='bbox 857 1843 945 1874; x_wconf 86' lang='lat' dir='ltr'>pane</span> <span class='ocrx_word' id='word_1_193' title='bbox 970 1836 1004 1864; x_wconf 89' lang='lat' dir='ltr'>et</span> <span class='ocrx_word' id='word_1_194' title='bbox 1030 1842 1120 1874; x_wconf 82' lang='lat' dir='ltr'>aqua</span> <span class='ocrx_word' id='word_1_195' title='bbox 1144 1836 1335 1864; x_wconf 85' lang='lat' dir='ltr'>contentus.</span> <span class='ocrx_word' id='word_1_196' title='bbox 1379 1831 1526 1870; x_wconf 88' lang='lat' dir='ltr'>Quando</span> <span class='ocrx_word' id='word_1_197' title='bbox 1550 1833 1654 1865; x_wconf 87' lang='lat' dir='ltr'>etiam</span> 
     </span>
     <span class='ocr_line' id='line_1_23' title="bbox 347 1903 1656 1948; baseline 0 -11"><span class='ocrx_word' id='word_1_198' title='bbox 347 1905 458 1948; x_wconf 80' lang='lat' dir='ltr'>epulae</span> <span class='ocrx_word' id='word_1_199' title='bbox 472 1905 526 1936; x_wconf 88' lang='lat' dir='ltr'>vel</span> <span class='ocrx_word' id='word_1_200' title='bbox 539 1903 804 1948; x_wconf 78' lang='lat' dir='ltr'>magnificentiae</span> <span class='ocrx_word' id='word_1_201' title='bbox 822 1914 924 1936; x_wconf 86' lang='lat' dir='ltr'>causa</span> <span class='ocrx_word' id='word_1_202' title='bbox 941 1908 1083 1946; x_wconf 63' lang='lat' dir='ltr'>paratae,</span> <span class='ocrx_word' id='word_1_203' title='bbox 1101 1903 1137 1935; x_wconf 91' lang='lat' dir='ltr'>in</span> <span class='ocrx_word' id='word_1_204' title='bbox 1155 1914 1348 1946; x_wconf 90' lang='lat' dir='ltr'>pauperum</span> <span class='ocrx_word' id='word_1_205' title='bbox 1361 1914 1444 1936; x_wconf 89' lang='lat' dir='ltr'>usus</span> <span class='ocrx_word' id='word_1_206' title='bbox 1459 1903 1656 1937; x_wconf 89' lang='lat' dir='ltr'>tribueban-</span> 
     </span>
     <span class='ocr_line' id='line_1_24' title="bbox 347 1974 1655 2020; baseline -0.001 -10"><span class='ocrx_word' id='word_1_207' title='bbox 347 1982 414 2010; x_wconf 87' lang='lat' dir='ltr'>tur.</span> <span class='ocrx_word' id='word_1_208' title='bbox 465 1975 575 2009; x_wconf 89' lang='lat' dir='ltr'>Vetus</span> <span class='ocrx_word' id='word_1_209' title='bbox 599 1977 768 2019; x_wconf 86' lang='lat' dir='ltr'>templum</span> <span class='ocrx_word' id='word_1_210' title='bbox 786 1974 1031 2008; x_wconf 89' lang='lat' dir='ltr'>Aberdonense</span> <span class='ocrx_word' id='word_1_211' title='bbox 1057 1976 1131 2020; x_wconf 87' lang='lat' dir='ltr'>ejus</span> <span class='ocrx_word' id='word_1_212' title='bbox 1153 1976 1255 2020; x_wconf 88' lang='lat' dir='ltr'>jussu</span> <span class='ocrx_word' id='word_1_213' title='bbox 1281 1979 1332 2009; x_wconf 89' lang='lat' dir='ltr'>est</span> <span class='ocrx_word' id='word_1_214' title='bbox 1358 1976 1570 2015; x_wconf 89' lang='lat' dir='ltr'>demolitum,</span> <span class='ocrx_word' id='word_1_215' title='bbox 1595 1987 1655 2009; x_wconf 90' lang='lat' dir='ltr'>no-</span> 
     </span>
     <span class='ocr_line' id='line_1_25' title="bbox 347 2048 1654 2092; baseline -0.002 -10"><span class='ocrx_word' id='word_1_216' title='bbox 347 2059 431 2082; x_wconf 88' lang='lat' dir='ltr'>vum</span> <span class='ocrx_word' id='word_1_217' title='bbox 456 2048 563 2091; x_wconf 90' lang='lat' dir='ltr'>priori</span> <span class='ocrx_word' id='word_1_218' title='bbox 589 2048 691 2092; x_wconf 88' lang='lat' dir='ltr'>longe</span> <span class='ocrx_word' id='word_1_219' title='bbox 709 2048 867 2090; x_wconf 87' lang='lat' dir='ltr'>amplius,</span> <span class='ocrx_word' id='word_1_220' title='bbox 892 2051 1141 2091; x_wconf 90' lang='lat' dir='ltr'>proptereaque</span> <span class='ocrx_word' id='word_1_221' title='bbox 1163 2048 1346 2091; x_wconf 85' lang='lat' dir='ltr'>episcopali</span> <span class='ocrx_word' id='word_1_222' title='bbox 1371 2048 1442 2080; x_wconf 89' lang='lat' dir='ltr'>sedi</span> <span class='ocrx_word' id='word_1_223' title='bbox 1467 2058 1654 2080; x_wconf 89' lang='lat' dir='ltr'>accommo-</span> 
     </span>
     <span class='ocr_line' id='line_1_26' title="bbox 348 2118 1654 2163; baseline -0.002 -10"><span class='ocrx_word' id='word_1_224' title='bbox 348 2121 472 2159; x_wconf 87' lang='lat' dir='ltr'>datius,</span> <span class='ocrx_word' id='word_1_225' title='bbox 486 2120 648 2153; x_wconf 85' lang='lat' dir='ltr'>aedificari</span> <span class='ocrx_word' id='word_1_226' title='bbox 663 2124 812 2163; x_wconf 89' lang='lat' dir='ltr'>coeptum</span> <span class='ocrx_word' id='word_1_227' title='bbox 828 2130 835 2153; x_wconf 88' lang='lat'><strong>:</strong></span> <span class='ocrx_word' id='word_1_228' title='bbox 862 2119 922 2152; x_wconf 83' lang='lat' dir='ltr'>vix</span> <span class='ocrx_word' id='word_1_229' title='bbox 933 2123 1045 2152; x_wconf 90' lang='lat' dir='ltr'>turres</span> <span class='ocrx_word' id='word_1_230' title='bbox 1064 2131 1149 2163; x_wconf 86' lang='lat' dir='ltr'>quas</span> <span class='ocrx_word' id='word_1_231' title='bbox 1164 2121 1334 2152; x_wconf 89' lang='lat' dir='ltr'>cernimus</span> <span class='ocrx_word' id='word_1_232' title='bbox 1346 2120 1388 2152; x_wconf 87' lang='lat' dir='ltr'>ad</span> <span class='ocrx_word' id='word_1_233' title='bbox 1406 2118 1654 2152; x_wconf 88' lang='lat' dir='ltr'>tintinnabulo-</span> 
     </span>
    </p>
   </div>
   <div class='ocr_carea' id='block_1_3' title="bbox 348 2191 1653 2236">
    <p class='ocr_par' dir='ltr' id='par_1_3' title="bbox 348 2191 1653 2236">
     <span class='ocr_line' id='line_1_27' title="bbox 348 2191 1653 2236; baseline -0.002 -10"><span class='ocrx_word' id='word_1_234' title='bbox 348 2203 427 2225; x_wconf 84' lang='lat' dir='ltr'>rum</span> <span class='ocrx_word' id='word_1_235' title='bbox 444 2203 733 2236; x_wconf 84' lang='lat' dir='ltr'>campanarumve</span> <span class='ocrx_word' id='word_1_236' title='bbox 750 2203 864 2231; x_wconf 91' lang='lat' dir='ltr'>usum,</span> <span class='ocrx_word' id='word_1_237' title='bbox 881 2202 959 2225; x_wconf 90' lang='lat' dir='ltr'>cum</span> <span class='ocrx_word' id='word_1_238' title='bbox 978 2192 1144 2225; x_wconf 90' lang='lat' dir='ltr'>columnis</span> <span class='ocrx_word' id='word_1_239' title='bbox 1163 2203 1223 2225; x_wconf 82' lang='lat' dir='ltr'>sex</span> <span class='ocrx_word' id='word_1_240' title='bbox 1239 2191 1371 2225; x_wconf 89' lang='lat' dir='ltr'>cubitos</span> <span class='ocrx_word' id='word_1_241' title='bbox 1388 2191 1466 2224; x_wconf 87' lang='lat' dir='ltr'>altis</span> <span class='ocrx_word' id='word_1_242' title='bbox 1481 2195 1653 2224; x_wconf 88' lang='lat' dir='ltr'>construc-</span> 
     </span>
    </p>
   </div>
  </div>
 </body>
</html>
